Date,Product,Region,Sales_Channel,Unit_Price,Quantity_Sold,Discount,Revenue,COGS,Profit,Payment_Status,ProfitMargin,Month,MonthName,Year
11/23/2024,Dangote 3X Cement,Lagos,Online,5775.03,134,0.42,770603.83,547321,223282.83,Paid,28.97504805,11,Nov,2024
10/29/2024,Dangote 42.5R Cement,Lagos,Wholesale,5893.7,139,1.52,806772.09,566881.31,239890.78,Pending,29.73464042,10,Oct,2024
11/28/2024,Dangote 42.5R Cement,Ogun,Retail,6389.27,434,2.61,2700569.36,2095319.75,605249.62,Pending,22.4119265,11,Nov,2024
12/23/2024,Dangote 42.5R Cement,Rivers,Retail,5955.48,410,1.01,2417085.16,1714377.07,702708.09,Paid,29.07254166,12,Dec,2024
7/2/2024,Dangote Sulfate Resistant Cement,Kano,Retail,7307.13,393,1.38,2832072.6,2017802.5,814270.1,Cash,28.75173821,7,Jul,2024
2/10/2024,Dangote Sulfate Resistant Cement,Kano,Retail,7077.35,380,0.21,2683745.27,2056087.92,627657.35,Credit,23.38736679,2,Feb,2024
2/10/2024,Dangote Premium Cement,Lagos,Retail,6277.97,345,2.5,2111752.16,1512575.03,599177.13,Credit,28.37345884,2,Feb,2024
4/17/2024,Dangote Sulfate Resistant Cement,Lagos,Online,7134.98,293,2.19,2044766.11,1464748.27,580017.85,Cash,28.36597531,4,Apr,2024
5/18/2024,Dangote Premium Cement,Rivers,Wholesale,6229.05,36,2.42,218819.05,161951.59,56867.47,Paid,25.9883543,5,May,2024
4/18/2024,Dangote Sulfate Resistant Cement,Ogun,Online,6999.23,472,2.74,3213116.92,2396616.31,816500.61,Credit,25.41148145,4,Apr,2024
3/12/2024,Dangote Premium Cement,Kano,Online,6262.74,319,1.29,1972042.26,1495504.74,476537.52,Credit,24.16467079,3,Mar,2024
4/22/2024,Dangote Premium Cement,Kano,Retail,6090.91,44,2.58,261085.64,186750.41,74335.22,Pending,28.47158503,4,Apr,2024
12/14/2024,Dangote 42.5R Cement,Kano,Wholesale,6184.77,325,2.99,1949949.75,1468139.46,481810.29,Paid,24.70885673,12,Dec,2024
12/14/2024,Dangote 3X Cement,Kano,Retail,6268.6,194,0.33,1212095.24,901164.36,310930.88,Cash,25.65234725,12,Dec,2024
1/2/2024,Dangote Sulfate Resistant Cement,Kano,Wholesale,7007.68,74,2.61,505033.69,368596.05,136437.64,Pending,27.01555217,1,Jan,2024
3/19/2024,Dangote Sulfate Resistant Cement,Ogun,Online,7453.5,492,1.59,3608814.76,2526376.72,1082438.04,Credit,29.994281,3,Mar,2024
9/7/2024,Dangote 3X Cement,Lagos,Retail,6378.72,445,2.42,2769837.96,2005210.99,764626.98,Pending,27.60547696,9,Sep,2024
10/17/2024,Dangote 3X Cement,Lagos,Online,5985.99,55,2.93,319583.03,240732.5,78850.52,Pending,24.67293711,10,Oct,2024
3/6/2024,Dangote 42.5R Cement,Kano,Wholesale,6065.06,466,1.82,2774878.97,2210014.32,564864.66,Pending,20.35637107,3,Mar,2024
12/31/2024,Dangote Sulfate Resistant Cement,Abuja,Online,7149.88,244,2.7,1697467.31,1264865.41,432601.9,Pending,25.4851388,12,Dec,2024
4/25/2024,Dangote 3X Cement,Rivers,Wholesale,6088.31,137,1.77,819334.93,574123.62,245211.31,Paid,29.9280918,4,Apr,2024
4/27/2024,Dangote 3X Cement,Lagos,Retail,5570.86,141,0.84,778893.13,583033.8,195859.34,Pending,25.14585538,4,Apr,2024
10/19/2024,Dangote 42.5R Cement,Ogun,Retail,6607.5,117,0.28,770912.88,590440.85,180472.04,Credit,23.41017314,10,Oct,2024
8/4/2024,Dangote 42.5R Cement,Abuja,Online,5854.17,354,2.95,2011241.08,1427662.96,583578.12,Cash,29.01582142,8,Aug,2024
6/22/2024,Dangote 3X Cement,Ogun,Wholesale,5690.21,249,0.42,1410911.47,1013526.57,397384.9,Cash,28.16511939,6,Jun,2024
5/7/2024,Dangote 3X Cement,Abuja,Online,5597.91,353,3,1916780.36,1501994.38,414785.98,Paid,21.63972402,5,May,2024
5/1/2024,Dangote Premium Cement,Abuja,Retail,6481.36,462,1.2,2958455.66,2088265.99,870189.67,Cash,29.41364583,5,May,2024
1/2/2024,Dangote 42.5R Cement,Rivers,Retail,6085.25,376,2.87,2222386.85,1776892.22,445494.63,Cash,20.04577331,1,Jan,2024
3/20/2024,Dangote Premium Cement,Rivers,Wholesale,6968.71,316,2.21,2153445.68,1520538.86,632906.82,Credit,29.39042419,3,Mar,2024
1/30/2024,Dangote 3X Cement,Kano,Retail,6002.85,456,1.59,2693776.54,1900965.66,792810.87,Paid,29.43120404,1,Jan,2024
4/5/2024,Dangote 3X Cement,Kano,Wholesale,6175.21,140,1.21,854068.59,678266.78,175801.81,Pending,20.58403881,4,Apr,2024
10/23/2024,Dangote 3X Cement,Kano,Wholesale,5919.22,318,1.7,1850312.66,1353757.17,496555.48,Credit,26.83630128,10,Oct,2024
4/14/2024,Dangote Sulfate Resistant Cement,Ogun,Retail,6895.79,363,1.94,2454610.24,1830457.98,624152.26,Paid,25.42775427,4,Apr,2024
1/5/2024,Dangote 42.5R Cement,Kano,Online,6796.1,57,1.61,381140.92,286079.98,95060.94,Pending,24.941153,1,Jan,2024
6/27/2024,Dangote 3X Cement,Ogun,Retail,5784.99,244,2.5,1376249.12,1060199.01,316050.12,Paid,22.96460106,6,Jun,2024
12/7/2024,Dangote Sulfate Resistant Cement,Lagos,Wholesale,6764.47,475,0.32,3202841.26,2419177.63,783663.63,Credit,24.46776366,12,Dec,2024
5/24/2024,Dangote Premium Cement,Rivers,Wholesale,6687.5,456,0.79,3025408.95,2265587.13,759821.82,Paid,25.11468144,5,May,2024
2/17/2024,Dangote 42.5R Cement,Rivers,Wholesale,5803.55,414,0.39,2393299.29,1909804.48,483494.81,Pending,20.20202037,2,Feb,2024
8/14/2024,Dangote 42.5R Cement,Kano,Wholesale,5911.87,472,2.07,2732641.31,1953580.1,779061.2,Paid,28.50945703,8,Aug,2024
7/8/2024,Dangote Premium Cement,Abuja,Wholesale,6041.83,206,2.7,1211012.32,944120.02,266892.3,Paid,22.03877662,7,Jul,2024
7/2/2024,Dangote Premium Cement,Ogun,Online,6102.79,419,1.68,2514110.25,1979789.6,534320.65,Pending,21.25287266,7,Jul,2024
5/1/2024,Dangote Premium Cement,Ogun,Retail,6024.79,397,2.77,2325587.62,1809862.17,515725.45,Cash,22.17613499,5,May,2024
12/8/2024,Dangote Premium Cement,Rivers,Wholesale,6787.37,75,1.15,503198.64,354187.67,149010.98,Cash,29.61275492,12,Dec,2024
4/23/2024,Dangote Premium Cement,Abuja,Retail,6305.19,427,2.61,2622046.68,1893884.27,728162.41,Pending,27.77076455,4,Apr,2024
7/23/2024,Dangote Sulfate Resistant Cement,Rivers,Wholesale,7466.89,162,1.05,1196935,898827.05,298107.95,Credit,24.9059431,7,Jul,2024
1/15/2024,Dangote 3X Cement,Rivers,Wholesale,6080.59,155,0.11,941454.71,715182.78,226271.93,Credit,24.03428732,1,Jan,2024
6/9/2024,Dangote 42.5R Cement,Kano,Online,5915.65,480,1.73,2790388.44,2024349.38,766039.06,Cash,27.452775,6,Jun,2024
1/1/2024,Dangote Premium Cement,Rivers,Retail,6069.97,360,2.76,2124877.98,1619827.51,505050.47,Paid,23.76844575,1,Jan,2024
6/2/2024,Dangote Sulfate Resistant Cement,Abuja,Retail,6902.4,171,1.66,1160717.25,834769.28,325947.96,Cash,28.08159868,6,Jun,2024
12/12/2024,Dangote Premium Cement,Kano,Online,6300.95,300,2.5,1843027.88,1346124.51,496903.36,Pending,26.96125031,12,Dec,2024
8/8/2024,Dangote Sulfate Resistant Cement,Abuja,Retail,6942.16,129,1.53,881836.9,687280.35,194556.55,Pending,22.0626456,8,Aug,2024
12/3/2024,Dangote 3X Cement,Rivers,Online,6163.85,337,1.01,2056237.55,1607653.59,448583.96,Pending,21.8157654,12,Dec,2024
12/10/2024,Dangote Sulfate Resistant Cement,Ogun,Wholesale,6647.35,43,0.73,283749.45,212106.58,71642.87,Paid,25.24863749,12,Dec,2024
8/21/2024,Dangote 42.5R Cement,Kano,Wholesale,6518.35,216,1.48,1387125.74,1004831.73,382294.01,Paid,27.56015543,8,Aug,2024
2/24/2024,Dangote 42.5R Cement,Ogun,Wholesale,6604.11,376,1.55,2444656.61,1723536.3,721120.31,Pending,29.49781606,2,Feb,2024
3/3/2024,Dangote 42.5R Cement,Ogun,Retail,6467.58,306,1.79,1943653.96,1545212.59,398441.36,Cash,20.49960375,3,Mar,2024
11/9/2024,Dangote 42.5R Cement,Kano,Retail,6697.21,400,2.58,2609768.79,1944295.96,665472.84,Pending,25.49930256,11,Nov,2024
11/22/2024,Dangote Sulfate Resistant Cement,Kano,Retail,7126.75,160,1.32,1125228.3,867949.9,257278.4,Pending,22.86455113,11,Nov,2024
5/19/2024,Dangote Sulfate Resistant Cement,Rivers,Online,6580.58,97,0.69,633911.88,487728.62,146183.26,Pending,23.06050172,5,May,2024
2/2/2024,Dangote 42.5R Cement,Abuja,Retail,6342.61,232,0.19,1468689.7,1150408.66,318281.04,Cash,21.67108818,2,Feb,2024
10/26/2024,Dangote 3X Cement,Kano,Retail,5976.98,200,0.9,1184637.44,875445.48,309191.95,Cash,26.10013322,10,Oct,2024
10/2/2024,Dangote Premium Cement,Abuja,Wholesale,6272.94,268,0.09,1679634.89,1232201.91,447432.98,Cash,26.6387048,10,Oct,2024
3/25/2024,Dangote 42.5R Cement,Ogun,Online,6334.12,484,1.18,3029538.65,2291661.79,737876.86,Paid,24.35608009,3,Mar,2024
2/12/2024,Dangote 42.5R Cement,Ogun,Retail,5981.73,153,1.14,904771.36,652490.37,252280.99,Credit,27.88339697,2,Feb,2024
6/21/2024,Dangote 42.5R Cement,Rivers,Retail,6052.27,61,1.41,363982.91,282051.24,81931.67,Paid,22.50975739,6,Jun,2024
6/28/2024,Dangote Premium Cement,Lagos,Online,6040.26,35,2.85,205383.94,147863.31,57520.63,Paid,28.00639135,6,Jun,2024
11/14/2024,Dangote Premium Cement,Ogun,Wholesale,6473.56,78,1.69,496404.23,358302.82,138101.42,Credit,27.8203552,11,Nov,2024
7/7/2024,Dangote Premium Cement,Kano,Online,6963.73,387,0.34,2685800.63,2100108.41,585692.23,Credit,21.80698833,7,Jul,2024
2/25/2024,Dangote 3X Cement,Rivers,Online,6177.35,212,1.19,1294013.98,998333.69,295680.29,Paid,22.84985283,2,Feb,2024
10/30/2024,Dangote Premium Cement,Lagos,Online,6772.48,455,2.05,3018308.09,2355948.82,662359.27,Paid,21.94472036,10,Oct,2024
6/26/2024,Dangote 42.5R Cement,Rivers,Wholesale,6305.96,194,0.04,1222866.9,907374.42,315492.48,Cash,25.79941284,6,Jun,2024
2/24/2024,Dangote 42.5R Cement,Rivers,Online,6691.58,255,2.12,1670178.22,1241858.87,428319.35,Credit,25.64512846,2,Feb,2024
11/11/2024,Dangote 42.5R Cement,Abuja,Retail,6625.73,323,0.81,2122775.89,1666742.74,456033.15,Paid,21.48286836,11,Nov,2024
5/22/2024,Dangote 42.5R Cement,Ogun,Retail,6369.85,362,1.14,2279598.6,1602261.47,677337.13,Credit,29.71299991,5,May,2024
4/3/2024,Dangote 42.5R Cement,Ogun,Retail,6597.83,194,0.84,1269227.2,964124.65,305102.54,Credit,24.03844954,4,Apr,2024
10/11/2024,Dangote 3X Cement,Kano,Wholesale,5585.61,388,1.22,2140776.64,1617394.47,523382.16,Pending,24.44823763,10,Oct,2024
12/19/2024,Dangote 42.5R Cement,Abuja,Retail,6592.93,67,0.88,437839.12,324193.65,113645.47,Pending,25.95598813,12,Dec,2024
6/5/2024,Dangote Sulfate Resistant Cement,Abuja,Online,7030.92,237,2.99,1616504.83,1220523.94,395980.89,Credit,24.49611549,6,Jun,2024
12/25/2024,Dangote 42.5R Cement,Rivers,Retail,6051.4,81,2.16,479575.87,350836.03,128739.84,Pending,26.84451993,12,Dec,2024
4/8/2024,Dangote Premium Cement,Abuja,Retail,6724.59,409,1.57,2707176.7,1971636.44,735540.26,Paid,27.17001295,4,Apr,2024
4/9/2024,Dangote Sulfate Resistant Cement,Ogun,Retail,6679.44,27,2.12,176521.57,125799.56,50722.01,Paid,28.73417113,4,Apr,2024
1/28/2024,Dangote Sulfate Resistant Cement,Ogun,Online,7368.46,271,0.31,1990662.42,1395905.32,594757.1,Credit,29.87734605,1,Jan,2024
8/28/2024,Dangote 42.5R Cement,Abuja,Retail,5984.36,46,0.76,273188.43,214773.17,58415.25,Paid,21.38276866,8,Aug,2024
2/3/2024,Dangote 42.5R Cement,Abuja,Wholesale,6377.02,371,0.16,2362089.02,1688704.11,673384.91,Credit,28.50802422,2,Feb,2024
2/13/2024,Dangote Premium Cement,Lagos,Online,6764.44,330,1.79,2192307.65,1670191.69,522115.97,Cash,23.81581664,2,Feb,2024
8/18/2024,Dangote 42.5R Cement,Rivers,Online,6790.03,176,1.71,1174610.01,829301.72,345308.29,Paid,29.39769686,8,Aug,2024
4/16/2024,Dangote Premium Cement,Rivers,Online,6081.19,142,0.52,859038.63,607775.4,251263.23,Paid,29.24935169,4,Apr,2024
7/28/2024,Dangote 42.5R Cement,Kano,Retail,6091.26,138,0.86,833364.77,606916.09,226448.68,Cash,27.17281653,7,Jul,2024
2/6/2024,Dangote Premium Cement,Rivers,Online,6589.79,431,2.8,2760673.9,2049838.74,710835.17,Pending,25.74861051,2,Feb,2024
11/27/2024,Dangote Premium Cement,Rivers,Wholesale,6071.41,104,2.38,616398.69,468157.52,148241.17,Credit,24.04955955,11,Nov,2024
8/12/2024,Dangote 3X Cement,Abuja,Online,5804.09,226,2.83,1274602.54,956012.09,318590.45,Cash,24.99527814,8,Aug,2024
8/12/2024,Dangote 3X Cement,Kano,Wholesale,6389.42,396,0.97,2505667.28,1816700.96,688966.32,Paid,27.49632106,8,Aug,2024
4/27/2024,Dangote 3X Cement,Rivers,Online,5540.23,407,0.53,2242922.78,1686445.53,556477.25,Cash,24.81036151,4,Apr,2024
5/22/2024,Dangote Premium Cement,Kano,Retail,6634.78,271,2.91,1745702.84,1304041.84,441661,Cash,25.29989583,5,May,2024
6/19/2024,Dangote Sulfate Resistant Cement,Lagos,Wholesale,6829.8,375,1.49,2523013.49,1933280.17,589733.33,Cash,23.37416476,6,Jun,2024
10/8/2024,Dangote 3X Cement,Abuja,Wholesale,5814.52,185,0.35,1071921.3,833155.97,238765.33,Paid,22.27452053,10,Oct,2024
12/2/2024,Dangote 42.5R Cement,Abuja,Wholesale,5987.58,205,1.87,1204500.51,903193.88,301306.63,Cash,25.01506869,12,Dec,2024
1/27/2024,Dangote Premium Cement,Rivers,Online,6131.01,167,1.31,1010465.86,777881.88,232583.98,Paid,23.01750007,1,Jan,2024
1/15/2024,Dangote Premium Cement,Ogun,Retail,6550.84,302,1.22,1954217.77,1411863.84,542353.93,Paid,27.75299347,1,Jan,2024
8/24/2024,Dangote 3X Cement,Ogun,Retail,6432.65,169,1.53,1070484.95,778609.19,291875.76,Cash,27.26575091,8,Aug,2024
8/29/2024,Dangote Premium Cement,Abuja,Online,6144.64,117,2.77,699008.72,524832.58,174176.13,Pending,24.91759044,8,Aug,2024
2/5/2024,Dangote Sulfate Resistant Cement,Abuja,Retail,7434.25,279,0.8,2057562.5,1440821.57,616740.93,Credit,29.97434732,2,Feb,2024
10/27/2024,Dangote 42.5R Cement,Ogun,Retail,6338.58,196,1,1229938.06,954785.26,275152.8,Cash,22.37127291,10,Oct,2024
8/21/2024,Dangote Sulfate Resistant Cement,Ogun,Online,6738.81,216,0.7,1445393.88,1123872.44,321521.44,Paid,22.24455524,8,Aug,2024
6/11/2024,Dangote 42.5R Cement,Abuja,Retail,6788.41,425,2.46,2814101.42,2245883.17,568218.26,Cash,20.19181882,6,Jun,2024
1/19/2024,Dangote Premium Cement,Kano,Online,6331.99,71,2.62,437792.52,325731.04,112061.48,Cash,25.59693802,1,Jan,2024
1/8/2024,Dangote Premium Cement,Abuja,Online,6969.96,58,1.41,398557.65,317618.7,80938.94,Credit,20.30796298,1,Jan,2024
11/15/2024,Dangote 42.5R Cement,Lagos,Retail,6652.34,459,1.6,3004569.28,2389876.34,614692.93,Cash,20.45860397,11,Nov,2024
10/4/2024,Dangote 3X Cement,Kano,Wholesale,5734.77,370,2.76,2063301.43,1650110.03,413191.4,Paid,20.02574098,10,Oct,2024
8/10/2024,Dangote 3X Cement,Lagos,Retail,5666.36,173,2.71,953714.68,671986.51,281728.18,Paid,29.54009054,8,Aug,2024
5/30/2024,Dangote Sulfate Resistant Cement,Rivers,Retail,6645.57,291,1.24,1909881,1467132.45,442748.54,Pending,23.18199616,5,May,2024
3/28/2024,Dangote Premium Cement,Lagos,Online,6870.84,337,2.05,2268005.88,1700475.34,567530.54,Pending,25.02332754,3,Mar,2024
4/28/2024,Dangote 42.5R Cement,Rivers,Retail,6055.33,24,2.7,141404.07,105561.72,35842.35,Credit,25.34746701,4,Apr,2024
12/12/2024,Dangote Premium Cement,Lagos,Retail,6945.24,320,0.9,2202474.51,1753616.61,448857.9,Credit,20.37970918,12,Dec,2024
8/21/2024,Dangote Sulfate Resistant Cement,Ogun,Retail,7353.34,74,0.71,540283.72,409098.65,131185.06,Credit,24.28077233,8,Aug,2024
12/24/2024,Dangote Sulfate Resistant Cement,Lagos,Online,6895.81,24,1.7,162685.95,125037.16,37648.79,Paid,23.14200458,12,Dec,2024
11/6/2024,Dangote 42.5R Cement,Rivers,Wholesale,6407.06,200,0.66,1272954.68,915271.22,357683.46,Credit,28.09867984,11,Nov,2024
12/13/2024,Dangote Premium Cement,Lagos,Online,6646.34,178,2.37,1155010.27,812360.83,342649.44,Credit,29.6663544,12,Dec,2024
3/8/2024,Dangote 3X Cement,Rivers,Retail,6247.48,109,0.6,676889.47,527060.85,149828.62,Credit,22.13487233,3,Mar,2024
9/28/2024,Dangote Sulfate Resistant Cement,Ogun,Retail,7414.05,266,2.9,1914945.32,1396979.7,517965.62,Credit,27.04858539,9,Sep,2024
2/28/2024,Dangote 42.5R Cement,Lagos,Wholesale,6554.15,135,2.58,861982.15,665813.69,196168.46,Cash,22.75783321,2,Feb,2024
10/12/2024,Dangote Sulfate Resistant Cement,Lagos,Retail,6513.92,294,0.37,1908006.64,1405931.03,502075.6,Credit,26.31414323,10,Oct,2024
10/26/2024,Dangote 42.5R Cement,Rivers,Wholesale,6474.84,261,0.08,1688581.29,1331317.15,357264.15,Credit,21.15765182,10,Oct,2024
11/8/2024,Dangote Premium Cement,Lagos,Online,6823.86,485,2.1,3240071.09,2478407.96,761663.13,Paid,23.50760551,11,Nov,2024
3/12/2024,Dangote 3X Cement,Lagos,Retail,6495.93,79,0.29,511690.25,403583.37,108106.88,Pending,21.12740667,3,Mar,2024
7/17/2024,Dangote 42.5R Cement,Rivers,Online,6749.38,376,2.84,2465694.3,1829329.86,636364.45,Pending,25.80873266,7,Jul,2024
7/31/2024,Dangote 3X Cement,Abuja,Online,5908.12,163,0.1,962060.54,709089.6,252970.94,Cash,26.29470075,7,Jul,2024
8/15/2024,Dangote Premium Cement,Rivers,Wholesale,6980.93,208,1.63,1428365.29,1139527.34,288837.96,Credit,20.22157511,8,Aug,2024
2/1/2024,Dangote 42.5R Cement,Rivers,Wholesale,6768.21,454,2.47,2996869.99,2125282.32,871587.66,Pending,29.08326564,2,Feb,2024
11/24/2024,Dangote 3X Cement,Lagos,Retail,5743.57,84,2.36,471073.83,339418.38,131655.45,Pending,27.94794396,11,Nov,2024
10/27/2024,Dangote Premium Cement,Ogun,Retail,6774.37,423,2.7,2788188.43,1952522.51,835665.92,Pending,29.97164435,10,Oct,2024
3/7/2024,Dangote Sulfate Resistant Cement,Ogun,Wholesale,7161.06,33,0.4,235369.72,173190.74,62178.98,Pending,26.41757827,3,Mar,2024
10/28/2024,Dangote Sulfate Resistant Cement,Lagos,Wholesale,6765.37,84,2.23,555618.19,418163,137455.19,Paid,24.73914506,10,Oct,2024
8/31/2024,Dangote 42.5R Cement,Rivers,Online,6393.67,251,1.51,1580578.52,1255835.33,324743.19,Paid,20.54584356,8,Aug,2024
12/3/2024,Dangote Sulfate Resistant Cement,Abuja,Online,7464.03,51,3,369245.56,289758.02,79487.55,Cash,21.52701579,12,Dec,2024
12/17/2024,Dangote 3X Cement,Abuja,Online,6409.7,57,2.7,355488.37,260292.56,95195.81,Pending,26.77888168,12,Dec,2024
2/3/2024,Dangote Premium Cement,Rivers,Online,6633.08,300,2.14,1947339.63,1437312.76,510026.86,Credit,26.19095571,2,Feb,2024
8/20/2024,Dangote 42.5R Cement,Lagos,Online,5914.41,355,1.95,2058673.05,1599375.42,459297.63,Pending,22.31037269,8,Aug,2024
8/8/2024,Dangote 42.5R Cement,Ogun,Retail,6138.93,252,1.2,1528446.24,1181429.71,347016.52,Credit,22.70387475,8,Aug,2024
8/6/2024,Dangote Sulfate Resistant Cement,Rivers,Retail,7453.59,371,2.77,2688683.58,1900128.53,788555.05,Paid,29.32866686,8,Aug,2024
2/17/2024,Dangote 42.5R Cement,Lagos,Online,6538.8,435,0.39,2833284.93,2000293.77,832991.16,Credit,29.40019026,2,Feb,2024
12/9/2024,Dangote 3X Cement,Abuja,Retail,6373.61,404,1.27,2542236.72,2012394.85,529841.88,Paid,20.84156349,12,Dec,2024
5/27/2024,Dangote Sulfate Resistant Cement,Rivers,Wholesale,7077.92,128,0.46,901806.28,674748.54,227057.74,Paid,25.17810588,5,May,2024
6/28/2024,Dangote Sulfate Resistant Cement,Lagos,Retail,7074.1,433,1.29,3023571.5,2286112.04,737459.46,Paid,24.39034301,6,Jun,2024
11/7/2024,Dangote Sulfate Resistant Cement,Lagos,Wholesale,6773.27,410,0.93,2751214.22,2019343,731871.22,Paid,26.60175332,11,Nov,2024
4/2/2024,Dangote Premium Cement,Kano,Online,6400.78,92,2.22,575798.81,459015.89,116782.92,Paid,20.28189673,4,Apr,2024
9/28/2024,Dangote Premium Cement,Abuja,Retail,6453.65,100,1.11,638201.45,492793.37,145408.08,Paid,22.784041,9,Sep,2024
1/27/2024,Dangote Premium Cement,Ogun,Online,6049.76,61,0.82,366009.27,280434.06,85575.21,Cash,23.38061274,1,Jan,2024
11/6/2024,Dangote 42.5R Cement,Abuja,Retail,6015.57,282,0.34,1690623.01,1256118.3,434504.72,Credit,25.70086397,11,Nov,2024
12/13/2024,Dangote 42.5R Cement,Kano,Online,6108.42,132,1.19,796716.33,605450.63,191265.7,Paid,24.00675031,12,Dec,2024
4/14/2024,Dangote Sulfate Resistant Cement,Ogun,Wholesale,7264.16,168,0.98,1208419.17,846827.51,361591.65,Cash,29.92270058,4,Apr,2024
3/30/2024,Dangote Premium Cement,Abuja,Online,6703.67,276,1.68,1819129.34,1394917.14,424212.2,Credit,23.31951834,3,Mar,2024
2/6/2024,Dangote 42.5R Cement,Lagos,Retail,5818.74,491,0.23,2850430.24,2084536.91,765893.32,Cash,26.86939358,2,Feb,2024
10/20/2024,Dangote 42.5R Cement,Abuja,Retail,5915.17,30,2.9,172308.9,123577.76,48731.14,Cash,28.28126696,10,Oct,2024
12/19/2024,Dangote Sulfate Resistant Cement,Lagos,Retail,7344.48,144,1.31,1043750.49,772422.31,271328.18,Paid,25.99550205,12,Dec,2024
7/21/2024,Dangote Sulfate Resistant Cement,Rivers,Wholesale,6833.07,106,0.23,722639.52,551606.98,171032.54,Pending,23.66775346,7,Jul,2024
6/27/2024,Dangote Sulfate Resistant Cement,Ogun,Wholesale,6602.8,151,0.59,991140.37,753504.45,237635.91,Paid,23.97600957,6,Jun,2024
3/31/2024,Dangote 42.5R Cement,Abuja,Online,6559.88,249,2.04,1600088.55,1261197.5,338891.05,Credit,21.17951847,3,Mar,2024
11/17/2024,Dangote Sulfate Resistant Cement,Ogun,Retail,6568.29,246,1.89,1585260.73,1235921.53,349339.2,Paid,22.03670307,11,Nov,2024
6/29/2024,Dangote 3X Cement,Rivers,Retail,5951.91,49,1.11,288406.35,210163.93,78242.42,Paid,27.1292293,6,Jun,2024
11/10/2024,Dangote 42.5R Cement,Abuja,Online,6354.32,425,2.22,2640632.99,1859275.69,781357.3,Pending,29.58977272,11,Nov,2024
6/13/2024,Dangote 42.5R Cement,Kano,Wholesale,6757.72,250,0.31,1684192.77,1330365.23,353827.54,Credit,21.00873168,6,Jun,2024
12/31/2024,Dangote 3X Cement,Kano,Online,5672.56,146,2.12,810636.05,647778.14,162857.92,Pending,20.09014033,12,Dec,2024
7/5/2024,Dangote Sulfate Resistant Cement,Rivers,Retail,6908.77,193,2.04,1306191.4,921173.92,385017.48,Credit,29.47634474,7,Jul,2024
2/3/2024,Dangote Sulfate Resistant Cement,Lagos,Online,7178.38,165,0.76,1175431.01,922897.45,252533.56,Pending,21.48433705,2,Feb,2024
6/19/2024,Dangote 3X Cement,Kano,Online,5641.43,199,0.93,1112203.98,851509.45,260694.53,Cash,23.43945308,6,Jun,2024
3/7/2024,Dangote 3X Cement,Rivers,Online,5876.68,425,0.99,2472862.87,1762605.65,710257.22,Paid,28.72206254,3,Mar,2024
11/26/2024,Dangote 42.5R Cement,Kano,Retail,5818.23,178,0.54,1030052.46,743099.69,286952.77,Cash,27.85807336,11,Nov,2024
4/8/2024,Dangote Premium Cement,Ogun,Wholesale,6077.17,452,2.36,2682054.45,2013603.26,668451.19,Paid,24.92310288,4,Apr,2024
12/4/2024,Dangote Sulfate Resistant Cement,Kano,Wholesale,7097.25,98,0.49,692122.4,542024.93,150097.47,Pending,21.68654995,12,Dec,2024
8/12/2024,Dangote 3X Cement,Abuja,Retail,6176.36,141,2.91,845524.54,643494.52,202030.02,Cash,23.8940457,8,Aug,2024
4/29/2024,Dangote Premium Cement,Rivers,Retail,6903.97,119,1.1,812535.13,645732.25,166802.89,Cash,20.52869886,4,Apr,2024
8/24/2024,Dangote Sulfate Resistant Cement,Abuja,Online,7027.46,102,2.45,699239.3,545494.7,153744.6,Pending,21.98740832,8,Aug,2024
5/8/2024,Dangote 3X Cement,Abuja,Retail,6054.54,72,2.13,426641.64,320659.99,105981.65,Paid,24.84090629,5,May,2024
5/25/2024,Dangote 3X Cement,Ogun,Retail,5949.32,282,0.44,1670326.32,1242300.62,428025.7,Pending,25.62527423,5,May,2024
8/18/2024,Dangote Sulfate Resistant Cement,Lagos,Retail,6553.26,277,1.12,1794922.19,1325759.34,469162.84,Paid,26.13833862,8,Aug,2024
7/10/2024,Dangote Premium Cement,Lagos,Retail,6930.83,449,2.14,3045347.1,2233850.52,811496.58,Pending,26.64709648,7,Jul,2024
3/11/2024,Dangote 3X Cement,Rivers,Retail,6196.07,91,2.28,550986.76,411538.08,139448.68,Paid,25.30889853,3,Mar,2024
2/10/2024,Dangote 3X Cement,Rivers,Wholesale,6334.96,300,2.82,1846894.24,1405279.68,441614.56,Cash,23.91119916,2,Feb,2024
2/26/2024,Dangote Sulfate Resistant Cement,Ogun,Retail,6621.85,142,1.26,928454.89,723628.37,204826.52,Cash,22.06100934,2,Feb,2024
2/2/2024,Dangote 3X Cement,Abuja,Online,6036.05,343,1.55,2038274.49,1476105.78,562168.71,Pending,27.58061845,2,Feb,2024
5/29/2024,Dangote 42.5R Cement,Lagos,Online,6152.82,312,1.25,1895683.84,1452922.48,442761.36,Paid,23.35628709,5,May,2024
9/25/2024,Dangote Sulfate Resistant Cement,Lagos,Online,7044.08,422,2.96,2884612.75,2179080.3,705532.45,Cash,24.45848061,9,Sep,2024
8/28/2024,Dangote 3X Cement,Abuja,Retail,5753.65,28,1.07,159378.41,112641.64,46736.77,Pending,29.32440473,8,Aug,2024
12/2/2024,Dangote 3X Cement,Kano,Online,6256.68,88,0.13,549872.08,414934.22,134937.85,Pending,24.53986207,12,Dec,2024
12/16/2024,Dangote 42.5R Cement,Abuja,Online,5982.28,89,0.19,531411.32,413235.56,118175.76,Cash,22.23809609,12,Dec,2024
1/19/2024,Dangote Sulfate Resistant Cement,Ogun,Wholesale,7291.11,473,0.13,3444211.73,2732420.94,711790.79,Cash,20.66629016,1,Jan,2024
10/5/2024,Dangote 42.5R Cement,Rivers,Wholesale,6553.29,117,0.86,760141.01,597633.39,162507.62,Paid,21.378615,10,Oct,2024
12/1/2024,Dangote Sulfate Resistant Cement,Rivers,Wholesale,7299.34,243,2.67,1726380.77,1336789.75,389591.02,Cash,22.56692305,12,Dec,2024
6/22/2024,Dangote Premium Cement,Abuja,Online,6497.52,493,2.39,3126719.03,2272099.39,854619.64,Paid,27.33279299,6,Jun,2024
8/5/2024,Dangote 3X Cement,Abuja,Online,6495.1,112,1.64,715521,523848.05,191672.95,Paid,26.78788603,8,Aug,2024
6/16/2024,Dangote Sulfate Resistant Cement,Rivers,Retail,7102.62,238,0.5,1681971.44,1252044.13,429927.31,Cash,25.56091618,6,Jun,2024
1/22/2024,Dangote Sulfate Resistant Cement,Kano,Retail,6774.56,425,2.84,2797419.06,1979185.5,818233.56,Cash,29.24958837,1,Jan,2024
7/5/2024,Dangote Premium Cement,Lagos,Wholesale,6848.67,367,2.34,2454646.88,1726794.73,727852.15,Paid,29.65201048,7,Jul,2024
4/30/2024,Dangote Sulfate Resistant Cement,Rivers,Retail,7449.47,36,1.82,263300.03,202189.72,61110.3,Credit,23.20937829,4,Apr,2024
7/9/2024,Dangote 42.5R Cement,Lagos,Online,5937.7,207,1.19,1214477.56,929021.99,285455.57,Pending,23.50439229,7,Jul,2024
2/28/2024,Dangote 3X Cement,Ogun,Retail,6017.75,487,1.69,2881116.36,2092202.36,788914,Credit,27.38223318,2,Feb,2024
12/26/2024,Dangote 42.5R Cement,Ogun,Online,6085.58,489,3,2886573.16,2078384.16,808189.01,Pending,27.99821675,12,Dec,2024
2/7/2024,Dangote 42.5R Cement,Ogun,Online,6245.11,64,2.43,389974.64,310714.69,79259.96,Credit,20.32438827,2,Feb,2024
12/7/2024,Dangote Sulfate Resistant Cement,Lagos,Online,7042.17,476,0.9,3321904.26,2377654.72,944249.54,Pending,28.42494744,12,Dec,2024
7/4/2024,Dangote Premium Cement,Lagos,Wholesale,6792.07,141,2.37,934984.81,656946.88,278037.93,Credit,29.73716011,7,Jul,2024
8/27/2024,Dangote Premium Cement,Kano,Wholesale,6065.75,223,3,1312082.38,1012779.29,299303.09,Cash,22.8113032,8,Aug,2024
7/28/2024,Dangote 3X Cement,Ogun,Retail,6142.34,250,1.4,1514086.81,1138193.56,375893.25,Pending,24.82640015,7,Jul,2024
10/9/2024,Dangote Premium Cement,Ogun,Retail,6502.86,464,0.17,3012197.58,2145938.09,866259.49,Pending,28.75838875,10,Oct,2024
6/4/2024,Dangote Premium Cement,Ogun,Retail,6934.74,135,1.04,926453.53,735687.86,190765.67,Credit,20.59095938,6,Jun,2024
2/10/2024,Dangote Sulfate Resistant Cement,Ogun,Online,7456.35,160,0.38,1188482.54,867927.95,320554.59,Paid,26.97175425,2,Feb,2024
9/14/2024,Dangote Premium Cement,Kano,Online,6154.19,357,1.87,2155961.07,1703640.63,452320.44,Credit,20.97999107,9,Sep,2024
10/15/2024,Dangote 3X Cement,Lagos,Wholesale,5545.46,348,2.31,1885241.24,1369562.89,515678.35,Pending,27.35344098,10,Oct,2024
10/19/2024,Dangote 42.5R Cement,Kano,Online,5830.29,475,1.88,2717323.26,1980839.44,736483.83,Credit,27.10328362,10,Oct,2024
9/4/2024,Dangote Premium Cement,Abuja,Retail,6453.54,372,0.18,2396395.59,1782823.78,613571.81,Cash,25.60394505,9,Sep,2024
8/25/2024,Dangote Premium Cement,Rivers,Online,6143.67,461,2.16,2771055.66,2143189.8,627865.86,Credit,22.65800247,8,Aug,2024
7/23/2024,Dangote Premium Cement,Rivers,Online,6561.65,183,0.73,1192016.24,849016.18,343000.06,Cash,28.77478079,7,Jul,2024
5/6/2024,Dangote Premium Cement,Lagos,Wholesale,6290.21,216,2.59,1323495.41,981786.73,341708.68,Pending,25.81865244,5,May,2024
6/16/2024,Dangote Sulfate Resistant Cement,Ogun,Wholesale,6998.27,283,1.4,1952783.26,1538612.71,414170.55,Cash,21.20924316,6,Jun,2024
1/12/2024,Dangote 3X Cement,Abuja,Online,5957.23,143,0.65,846346.64,622309.81,224036.84,Paid,26.47104973,1,Jan,2024
5/24/2024,Dangote 42.5R Cement,Kano,Online,6472.52,166,1.61,1057139.86,829555.87,227583.99,Cash,21.52827631,5,May,2024
3/9/2024,Dangote Sulfate Resistant Cement,Rivers,Retail,6865.94,225,0.15,1542519.25,1166424.8,376094.44,Credit,24.38183122,3,Mar,2024
10/10/2024,Dangote Sulfate Resistant Cement,Lagos,Retail,7004.26,411,1.65,2831251.47,2215542.42,615709.05,Paid,21.74688672,10,Oct,2024
3/6/2024,Dangote 3X Cement,Abuja,Retail,6294.9,193,1.67,1194626.61,879914.94,314711.67,Pending,26.34393604,3,Mar,2024
4/11/2024,Dangote 42.5R Cement,Kano,Wholesale,5845.3,90,2.14,514818.95,401762.95,113056,Cash,21.96034159,4,Apr,2024
3/17/2024,Dangote Premium Cement,Rivers,Online,6318.53,221,2.97,1354922.19,1048617.56,306304.64,Credit,22.60680667,3,Mar,2024
10/30/2024,Dangote Sulfate Resistant Cement,Kano,Online,7032.34,382,1.69,2640954.5,1974085.12,666869.37,Paid,25.25107381,10,Oct,2024
7/7/2024,Dangote Sulfate Resistant Cement,Lagos,Retail,7083.7,427,2.7,2943071.92,2316815.39,626256.54,Paid,21.27900904,7,Jul,2024
11/1/2024,Dangote 42.5R Cement,Rivers,Online,6582.9,417,1.74,2697305.09,1949488.92,747816.18,Paid,27.72456786,11,Nov,2024
10/25/2024,Dangote 42.5R Cement,Ogun,Online,6429.03,337,2.32,2116318.38,1561883.25,554435.13,Pending,26.19809643,10,Oct,2024
1/17/2024,Dangote 3X Cement,Ogun,Wholesale,5941.04,234,0.45,1383947.44,1064324.82,319622.63,Cash,23.09499774,1,Jan,2024
9/13/2024,Dangote 42.5R Cement,Lagos,Online,5938.08,126,1.68,735628.35,588364.59,147263.76,Cash,20.01877171,9,Sep,2024
9/26/2024,Dangote 42.5R Cement,Rivers,Wholesale,6259.66,292,1.03,1808994.17,1330386.23,478607.94,Credit,26.45713004,9,Sep,2024
11/8/2024,Dangote 42.5R Cement,Ogun,Wholesale,6079.01,172,0.67,1038584.27,828053.96,210530.31,Credit,20.27089338,11,Nov,2024
5/27/2024,Dangote Premium Cement,Abuja,Retail,6479.8,306,2.8,1927299.87,1502408.38,424891.5,Credit,22.04594659,5,May,2024
5/27/2024,Dangote 3X Cement,Kano,Online,6043.19,478,2.94,2803718.66,2192053.08,611665.58,Pending,21.81622531,5,May,2024
5/28/2024,Dangote 3X Cement,Rivers,Online,5579.03,493,1.33,2713880.65,1969312.29,744568.36,Cash,27.43556022,5,May,2024
4/19/2024,Dangote Premium Cement,Kano,Retail,6933.02,376,0.81,2585700.31,1838232.94,747467.37,Pending,28.90773409,4,Apr,2024
5/4/2024,Dangote 3X Cement,Kano,Wholesale,6137.94,46,0.3,281498.2,206346.45,75151.76,Cash,26.69706591,5,May,2024
2/21/2024,Dangote Premium Cement,Lagos,Online,6977.91,100,1.22,689277.95,546944.27,142333.68,Cash,20.64967841,2,Feb,2024
9/1/2024,Dangote Premium Cement,Rivers,Retail,6285.42,50,2.72,305722.83,216741,88981.83,Pending,29.10539262,9,Sep,2024
9/30/2024,Dangote 3X Cement,Ogun,Retail,6382.24,110,2.8,682389.1,480152.16,202236.94,Cash,29.63660176,9,Sep,2024
9/10/2024,Dangote Premium Cement,Rivers,Wholesale,6009.27,310,1.81,1829155.69,1450237.83,378917.86,Credit,20.71545151,9,Sep,2024
5/25/2024,Dangote 42.5R Cement,Kano,Online,6293.91,500,0.4,3134367.18,2352095.79,782271.39,Credit,24.95787331,5,May,2024
4/8/2024,Dangote 3X Cement,Rivers,Wholesale,6231.12,351,0.77,2170282.27,1559608.04,610674.23,Credit,28.13800944,4,Apr,2024
5/31/2024,Dangote Premium Cement,Ogun,Online,6856.15,479,1.22,3244029.88,2409569.13,834460.75,Credit,25.72296745,5,May,2024
2/14/2024,Dangote 42.5R Cement,Lagos,Wholesale,6781.69,264,0.97,1772999.61,1285078.46,487921.14,Credit,27.5195289,2,Feb,2024
7/15/2024,Dangote Premium Cement,Abuja,Retail,6954.03,174,1.75,1188826.2,900283.5,288542.7,Credit,24.27122653,7,Jul,2024
11/30/2024,Dangote Sulfate Resistant Cement,Ogun,Wholesale,7167.79,258,0.92,1832276.35,1356876.97,475399.38,Credit,25.94583399,11,Nov,2024
12/19/2024,Dangote 3X Cement,Rivers,Retail,6114.63,132,2.87,783966.5,586264.41,197702.09,Cash,25.21818088,12,Dec,2024
11/6/2024,Dangote Sulfate Resistant Cement,Abuja,Online,7049.23,261,2.27,1798084.46,1402864.59,395219.86,Pending,21.98004981,11,Nov,2024
5/6/2024,Dangote 3X Cement,Kano,Retail,6028.17,205,0.23,1232932.57,932611,300321.57,Paid,24.35831264,5,May,2024
10/7/2024,Dangote Premium Cement,Kano,Online,6149.85,187,2.56,1120581.39,833918.8,286662.59,Pending,25.58159475,10,Oct,2024
10/25/2024,Dangote 42.5R Cement,Lagos,Online,6245.48,48,1.36,295705.99,222171.24,73534.75,Cash,24.86752128,10,Oct,2024
10/15/2024,Dangote 3X Cement,Kano,Retail,6172.77,177,2.17,1068871.3,790531.73,278339.57,Paid,26.04051302,10,Oct,2024
4/21/2024,Dangote 3X Cement,Lagos,Retail,5844.53,52,1.62,298992.13,211096.09,87896.04,Paid,29.39744267,4,Apr,2024
8/29/2024,Dangote 3X Cement,Rivers,Retail,5679.98,89,2.3,493891.3,394042.94,99848.36,Cash,20.21666711,8,Aug,2024
7/10/2024,Dangote 42.5R Cement,Abuja,Retail,6175.65,369,2.89,2212957.1,1742604.96,470352.14,Pending,21.25446264,7,Jul,2024
11/30/2024,Dangote Sulfate Resistant Cement,Lagos,Wholesale,7492.85,221,1.59,1629590.72,1259324.59,370266.13,Pending,22.72141866,11,Nov,2024
1/2/2024,Dangote 3X Cement,Rivers,Retail,6173.5,298,1.27,1816338.77,1340326.6,476012.18,Pending,26.20723556,1,Jan,2024
5/6/2024,Dangote 42.5R Cement,Rivers,Wholesale,6075.65,499,2.63,2952014.34,2292383.76,659630.58,Paid,22.3451008,5,May,2024
12/4/2024,Dangote 42.5R Cement,Kano,Wholesale,6040.67,54,0.3,325217.59,228744.27,96473.32,Paid,29.66423803,12,Dec,2024
5/5/2024,Dangote 3X Cement,Abuja,Retail,5734.34,131,2.26,734221.45,570935.27,163286.18,Pending,22.23936389,5,May,2024
9/14/2024,Dangote Sulfate Resistant Cement,Ogun,Online,7076.11,315,1.79,2189076,1679575.55,509500.46,Credit,23.27468119,9,Sep,2024
5/1/2024,Dangote Sulfate Resistant Cement,Ogun,Online,7021.25,231,0.9,1607311.57,1134915.89,472395.68,Pending,29.39042366,5,May,2024
11/16/2024,Dangote 42.5R Cement,Kano,Retail,5846.88,196,2.82,1113671.6,854335.63,259335.97,Credit,23.28657479,11,Nov,2024
12/22/2024,Dangote 42.5R Cement,Abuja,Wholesale,6099.89,114,2.26,679671.7,507953.93,171717.78,Pending,25.26481241,12,Dec,2024
6/2/2024,Dangote Premium Cement,Abuja,Wholesale,6562.39,233,1.67,1503501.95,1072612.24,430889.71,Pending,28.65907224,6,Jun,2024
5/10/2024,Dangote Premium Cement,Rivers,Online,6079.07,250,2.54,1481165.41,1050511.23,430654.17,Pending,29.07535965,5,May,2024
1/27/2024,Dangote Sulfate Resistant Cement,Abuja,Online,7104.97,40,2.62,276752.79,198934.43,77818.37,Pending,28.11836874,1,Jan,2024
9/2/2024,Dangote Premium Cement,Rivers,Retail,6957.02,27,0.64,186637.37,134192.71,52444.66,Paid,28.09976373,9,Sep,2024
9/2/2024,Dangote Premium Cement,Kano,Online,6204.51,488,0.72,3006000.71,2200877.99,805122.72,Credit,26.78384996,9,Sep,2024
7/13/2024,Dangote 42.5R Cement,Kano,Online,6159.26,153,1.08,932189.22,734827.23,197361.99,Cash,21.17188075,7,Jul,2024
2/20/2024,Dangote 42.5R Cement,Rivers,Wholesale,6170.7,231,0.14,1423436.1,1119402.22,304033.87,Pending,21.35915128,2,Feb,2024
1/9/2024,Dangote Sulfate Resistant Cement,Kano,Online,7079.14,233,0.89,1634759.61,1176404.37,458355.24,Pending,28.038082,1,Jan,2024
7/13/2024,Dangote Premium Cement,Abuja,Online,6654.61,370,1.01,2437337.42,1892192.94,545144.48,Cash,22.36639357,7,Jul,2024
11/24/2024,Dangote 42.5R Cement,Abuja,Wholesale,6532.77,200,0.51,1299890.57,1003556.28,296334.3,Cash,22.79686512,11,Nov,2024
4/4/2024,Dangote 3X Cement,Kano,Wholesale,6339.07,58,2.84,357224.34,273927.33,83297.02,Paid,23.31784559,4,Apr,2024
7/30/2024,Dangote Premium Cement,Ogun,Wholesale,6707.17,24,0.66,159909.66,119228.8,40680.86,Paid,25.4399015,7,Jul,2024
11/12/2024,Dangote 42.5R Cement,Abuja,Wholesale,5806.61,302,1.23,1732026.99,1215315.9,516711.08,Credit,29.83273835,11,Nov,2024
10/1/2024,Dangote Sulfate Resistant Cement,Lagos,Online,7313.16,365,1.29,2634869.39,2092010.39,542859,Pending,20.60288081,10,Oct,2024
2/24/2024,Dangote 3X Cement,Kano,Wholesale,5740.97,337,1.58,1904138.52,1488125.08,416013.44,Credit,21.8478559,2,Feb,2024
7/22/2024,Dangote 3X Cement,Rivers,Retail,5959,144,2.97,832610.55,601632.5,230978.05,Paid,27.74142725,7,Jul,2024
11/30/2024,Dangote 3X Cement,Lagos,Retail,5879.26,302,1.43,1750146.35,1336542.68,413603.67,Pending,23.63251907,11,Nov,2024
2/12/2024,Dangote 42.5R Cement,Abuja,Online,6584.38,309,2.93,1974960.42,1574801.79,400158.63,Paid,20.26160251,2,Feb,2024
4/27/2024,Dangote Premium Cement,Kano,Retail,6271.1,493,0.22,3084850.66,2444924.56,639926.11,Paid,20.744152,4,Apr,2024
4/1/2024,Dangote Sulfate Resistant Cement,Lagos,Wholesale,7087.04,405,2.46,2799643.02,2189573.48,610069.54,Paid,21.79097605,4,Apr,2024
6/2/2024,Dangote Premium Cement,Kano,Wholesale,6566.7,454,1.17,2946400.8,2326632.99,619767.82,Credit,21.03474246,6,Jun,2024
7/15/2024,Dangote Premium Cement,Lagos,Online,6745.46,197,0.16,1326729.45,986700.4,340029.05,Paid,25.62911753,7,Jul,2024
6/23/2024,Dangote 42.5R Cement,Rivers,Wholesale,6434.12,421,2.98,2628043.34,1968563.05,659480.29,Credit,25.09396554,6,Jun,2024
10/10/2024,Dangote 42.5R Cement,Abuja,Wholesale,6479.69,358,1.14,2293284.11,1782378.8,510905.31,Credit,22.27832599,10,Oct,2024
5/6/2024,Dangote 3X Cement,Lagos,Retail,5654.22,384,2.35,2120196.8,1516847.5,603349.3,Cash,28.45723095,5,May,2024
6/11/2024,Dangote Sulfate Resistant Cement,Lagos,Wholesale,6505.2,177,1.33,1136106.51,881771.63,254334.88,Paid,22.38653487,6,Jun,2024
3/8/2024,Dangote 3X Cement,Ogun,Retail,5948.84,304,1.54,1780597.27,1264810.4,515786.87,Paid,28.9670707,3,Mar,2024
6/30/2024,Dangote 3X Cement,Kano,Online,6284.44,462,1.16,2869731.71,2092564.56,777167.15,Cash,27.08152638,6,Jun,2024
2/13/2024,Dangote Premium Cement,Kano,Online,6169.58,214,0.51,1313556.64,954813.68,358742.96,Credit,27.31081014,2,Feb,2024
9/9/2024,Dangote Premium Cement,Lagos,Wholesale,6434.68,235,0.9,1498540.45,1166264.08,332276.38,Credit,22.17333406,9,Sep,2024
5/8/2024,Dangote Premium Cement,Abuja,Online,6616.67,254,0.32,1675256.15,1223717.32,451538.83,Cash,26.95342023,5,May,2024
6/19/2024,Dangote 42.5R Cement,Rivers,Retail,6134.74,437,2.47,2614663.61,2000488.77,614174.84,Pending,23.48963123,6,Jun,2024
6/2/2024,Dangote Sulfate Resistant Cement,Kano,Online,6700.85,180,0.53,1199760.39,887611.48,312148.91,Credit,26.01760423,6,Jun,2024
5/29/2024,Dangote 42.5R Cement,Kano,Wholesale,6125.89,163,2.45,974056.33,720113.52,253942.8,Paid,26.0706483,5,May,2024
10/15/2024,Dangote Premium Cement,Kano,Online,6179.93,413,1.65,2510197.96,1996361.59,513836.36,Cash,20.46995369,10,Oct,2024
12/28/2024,Dangote Premium Cement,Abuja,Retail,6831.28,55,2.46,366477.68,285693.42,80784.26,Cash,22.04343249,12,Dec,2024
12/10/2024,Dangote 42.5R Cement,Ogun,Online,6102.83,149,1.98,891317.1,687672.21,203644.89,Cash,22.84763638,12,Dec,2024
2/7/2024,Dangote 42.5R Cement,Kano,Retail,6382.24,293,1.52,1841572.38,1458597.55,382974.83,Cash,20.79607808,2,Feb,2024
10/5/2024,Dangote 3X Cement,Rivers,Online,6395.5,294,1.78,1846808.07,1461638.01,385170.06,Paid,20.85598749,10,Oct,2024
5/7/2024,Dangote Sulfate Resistant Cement,Ogun,Online,7112.68,308,2.95,2126079.63,1632291.66,493787.97,Cash,23.22528108,5,May,2024
6/18/2024,Dangote 42.5R Cement,Lagos,Wholesale,5898.61,133,1.53,772512.05,580836.19,191675.86,Pending,24.81202203,6,Jun,2024
8/16/2024,Dangote Sulfate Resistant Cement,Abuja,Retail,7272.34,321,2.07,2286098.62,1634730.81,651367.81,Paid,28.49255077,8,Aug,2024
9/4/2024,Dangote 3X Cement,Rivers,Retail,6420.55,63,0.35,403078.92,320071.92,83007,Pending,20.59323767,9,Sep,2024
6/27/2024,Dangote Sulfate Resistant Cement,Rivers,Retail,7284.27,286,1.45,2053093.35,1534925.96,518167.39,Cash,25.23837457,6,Jun,2024
12/22/2024,Dangote 42.5R Cement,Rivers,Wholesale,6100.26,434,2.13,2591120.82,1819636.65,771484.17,Credit,29.77414886,12,Dec,2024
11/27/2024,Dangote 3X Cement,Ogun,Online,5743.91,109,1.66,615693.16,451364.02,164329.14,Cash,26.69010323,11,Nov,2024
8/24/2024,Dangote Premium Cement,Abuja,Online,6184.45,347,1.97,2103727.87,1555829.28,547898.59,Pending,26.04417605,8,Aug,2024
8/18/2024,Dangote 42.5R Cement,Abuja,Wholesale,6504.74,125,0.84,806262.52,621125.28,185137.25,Paid,22.96240311,8,Aug,2024
10/22/2024,Dangote 3X Cement,Kano,Wholesale,5865.79,120,1.37,694251.44,504189.93,190061.51,Cash,27.37646608,10,Oct,2024
9/27/2024,Dangote Sulfate Resistant Cement,Kano,Retail,7111.31,320,0.34,2267882.09,1667343.5,600538.6,Cash,26.48015091,9,Sep,2024
11/12/2024,Dangote Premium Cement,Rivers,Online,6590.17,364,0.4,2389226.59,1700618.43,688608.16,Credit,28.82138358,11,Nov,2024
2/29/2024,Dangote Premium Cement,Rivers,Online,6141.36,218,1.25,1322081.27,943684.07,378397.2,Cash,28.62132674,2,Feb,2024
8/4/2024,Dangote Premium Cement,Abuja,Online,6537.38,490,1.94,3141171.87,2512905.94,628265.93,Pending,20.00100459,8,Aug,2024
9/7/2024,Dangote Sulfate Resistant Cement,Ogun,Wholesale,6814.58,250,1.86,1671957.2,1315081.65,356875.55,Paid,21.34477784,9,Sep,2024
9/5/2024,Dangote Premium Cement,Ogun,Retail,6963.83,278,1.96,1898000.22,1406253.86,491746.36,Cash,25.90865664,9,Sep,2024
7/31/2024,Dangote 42.5R Cement,Abuja,Wholesale,5882.67,35,2.39,200972.6,145112.86,55859.74,Paid,27.79470435,7,Jul,2024
5/20/2024,Dangote Premium Cement,Kano,Retail,6168.21,254,1.7,1540091.01,1197043.07,343047.94,Cash,22.27452389,5,May,2024
10/8/2024,Dangote 3X Cement,Kano,Wholesale,5767.89,298,2.47,1676376.09,1234963.09,441413,Paid,26.33138248,10,Oct,2024
8/13/2024,Dangote Premium Cement,Abuja,Wholesale,6735.99,354,2.25,2330888.3,1701014.44,629873.86,Paid,27.02291054,8,Aug,2024
8/18/2024,Dangote Sulfate Resistant Cement,Rivers,Wholesale,6939.07,80,2.33,542191.17,392380.83,149810.35,Credit,27.63054035,8,Aug,2024
12/29/2024,Dangote 42.5R Cement,Ogun,Online,5939.23,125,2.44,724289.1,565339.55,158949.55,Credit,21.94559465,12,Dec,2024
9/29/2024,Dangote Sulfate Resistant Cement,Kano,Online,6668.38,380,0.88,2511685.34,1902032.89,609652.45,Paid,24.27264436,9,Sep,2024
3/10/2024,Dangote 42.5R Cement,Lagos,Retail,6667.05,84,2.1,548271.52,391065.13,157206.4,Pending,28.67309249,3,Mar,2024
12/30/2024,Dangote Sulfate Resistant Cement,Ogun,Online,6892.7,92,1.73,623157.98,452955.91,170202.07,Cash,27.31282844,12,Dec,2024
7/11/2024,Dangote 42.5R Cement,Lagos,Online,6594.6,413,0.28,2715943.8,2041198.38,674745.42,Credit,24.84386533,7,Jul,2024
12/21/2024,Dangote Sulfate Resistant Cement,Abuja,Retail,6827.29,21,2.61,139631.05,109570.82,30060.23,Paid,21.52832769,12,Dec,2024
8/22/2024,Dangote Sulfate Resistant Cement,Lagos,Online,6897.72,239,2.47,1607835.77,1205027.08,402808.69,Credit,25.05285039,8,Aug,2024
5/25/2024,Dangote Sulfate Resistant Cement,Kano,Online,6630.59,456,1.46,2979405.22,2187997.62,791407.61,Paid,26.562604,5,May,2024
1/24/2024,Dangote 3X Cement,Abuja,Wholesale,5624.24,459,0.47,2569392.99,1915872.54,653520.45,Cash,25.43481875,1,Jan,2024
4/13/2024,Dangote Premium Cement,Rivers,Wholesale,6874.42,468,0.82,3190847.29,2442462.12,748385.16,Credit,23.45412024,4,Apr,2024
2/12/2024,Dangote Sulfate Resistant Cement,Ogun,Wholesale,6896.34,176,2.18,1187295.96,920775.58,266520.38,Cash,22.4476785,2,Feb,2024
12/1/2024,Dangote 3X Cement,Lagos,Wholesale,5713.42,59,0.4,335743.41,242614.6,93128.81,Cash,27.73809023,12,Dec,2024
1/5/2024,Dangote 3X Cement,Rivers,Wholesale,6488.15,236,2.08,1499354.37,1121172.25,378182.12,Pending,25.22299782,1,Jan,2024
7/15/2024,Dangote 3X Cement,Lagos,Wholesale,5813.35,471,0.9,2713445.06,2003260.8,710184.26,Pending,26.17278936,7,Jul,2024
11/24/2024,Dangote Premium Cement,Lagos,Online,6563.29,332,1.95,2136521.54,1589593.27,546928.27,Pending,25.59900566,11,Nov,2024
11/17/2024,Dangote Premium Cement,Abuja,Online,6686.57,460,0.65,3055829.36,2413064.05,642765.3,Pending,21.03407044,11,Nov,2024
3/4/2024,Dangote 42.5R Cement,Rivers,Retail,6114.5,91,0.74,552302,422213.92,130088.08,Pending,23.55379484,3,Mar,2024
10/10/2024,Dangote Sulfate Resistant Cement,Lagos,Online,7375.83,125,1.55,907688.08,681630.41,226057.67,Cash,24.90477456,10,Oct,2024
5/31/2024,Dangote 3X Cement,Ogun,Retail,5885.89,143,1.5,829057.04,629580.09,199476.95,Paid,24.06070275,5,May,2024
7/3/2024,Dangote Sulfate Resistant Cement,Ogun,Retail,7360.81,311,1.26,2260367.84,1705754.09,554613.75,Pending,24.53643784,7,Jul,2024
8/29/2024,Dangote 3X Cement,Lagos,Online,5567.53,154,0.65,851826.52,674866.32,176960.21,Cash,20.77420764,8,Aug,2024
9/16/2024,Dangote Sulfate Resistant Cement,Kano,Retail,6923.58,225,0.25,1553910.99,1171115.09,382795.9,Pending,24.6343518,9,Sep,2024
5/22/2024,Dangote 3X Cement,Rivers,Wholesale,6011.3,124,2.92,723635.48,517788.48,205847,Credit,28.4462282,5,May,2024
7/19/2024,Dangote 3X Cement,Rivers,Online,5937.49,453,0.72,2670317.25,1934505.93,735811.33,Cash,27.55520266,7,Jul,2024
2/29/2024,Dangote 42.5R Cement,Kano,Online,5855.03,361,2.23,2066531.08,1599631.07,466900.01,Paid,22.59341824,2,Feb,2024
1/7/2024,Dangote Premium Cement,Lagos,Wholesale,6496.41,197,1.57,1259700.02,980422.9,279277.12,Credit,22.17012904,1,Jan,2024
3/26/2024,Dangote Sulfate Resistant Cement,Ogun,Online,7281.12,157,2.2,1117986.85,795789.38,322197.47,Paid,28.81943289,3,Mar,2024
6/20/2024,Dangote 42.5R Cement,Rivers,Online,5863.87,384,2.93,2185750.51,1667188.37,518562.13,Cash,23.72467158,6,Jun,2024
8/21/2024,Dangote Sulfate Resistant Cement,Lagos,Retail,7359.36,105,1.1,764232.74,554459.72,209773.02,Paid,27.44883973,8,Aug,2024
10/20/2024,Dangote 3X Cement,Ogun,Online,6008.82,42,2.58,245859.28,172403.61,73455.67,Paid,29.87711914,10,Oct,2024
8/29/2024,Dangote Sulfate Resistant Cement,Abuja,Wholesale,6678.96,459,0.11,3062270.43,2389524.98,672745.45,Cash,21.96884519,8,Aug,2024
4/24/2024,Dangote Sulfate Resistant Cement,Ogun,Retail,7415.85,183,0.81,1346108.04,952760.07,393347.97,Credit,29.22112923,4,Apr,2024
3/2/2024,Dangote 3X Cement,Ogun,Wholesale,6304.34,43,2.86,263333.54,186148.54,77185,Cash,29.31073649,3,Mar,2024
5/24/2024,Dangote Sulfate Resistant Cement,Rivers,Wholesale,7053.09,24,1.11,167395.22,122057.81,45337.4,Credit,27.08404696,5,May,2024
11/14/2024,Dangote Premium Cement,Abuja,Retail,6591.69,272,2.99,1739330.78,1352483.78,386847,Pending,22.24114035,11,Nov,2024
3/18/2024,Dangote 3X Cement,Abuja,Wholesale,5733,197,1.91,1107829.44,852304.24,255525.2,Paid,23.06539173,3,Mar,2024
6/20/2024,Dangote 3X Cement,Abuja,Online,6227.22,73,0.62,451768.62,360652.12,91116.5,Cash,20.16884218,6,Jun,2024
9/8/2024,Dangote 3X Cement,Ogun,Online,5779.83,42,2.76,236052.88,186417.75,49635.14,Cash,21.02712748,9,Sep,2024
12/24/2024,Dangote Sulfate Resistant Cement,Abuja,Online,6584.9,68,1.52,440967.05,336776.04,104191,Cash,23.62784249,12,Dec,2024
2/8/2024,Dangote 3X Cement,Abuja,Online,6464.22,141,0.88,903434.22,709278.41,194155.81,Cash,21.49086294,2,Feb,2024
12/24/2024,Dangote Sulfate Resistant Cement,Rivers,Retail,6771.96,58,2.83,381658.18,272355.55,109302.64,Paid,28.6388831,12,Dec,2024
3/20/2024,Dangote 3X Cement,Ogun,Retail,5966.06,228,0.36,1355364.74,997316.33,358048.4,Pending,26.41712518,3,Mar,2024
8/19/2024,Dangote Sulfate Resistant Cement,Abuja,Retail,7352.48,66,0.47,482982.94,371223.34,111759.6,Paid,23.13945085,8,Aug,2024
4/20/2024,Dangote Sulfate Resistant Cement,Ogun,Wholesale,7211.16,202,1.19,1439320.13,1014569.65,424750.48,Credit,29.51049396,4,Apr,2024
5/13/2024,Dangote Premium Cement,Lagos,Retail,6854.6,304,2.24,2037121.32,1476882.93,560238.38,Cash,27.5014735,5,May,2024
2/22/2024,Dangote Premium Cement,Lagos,Wholesale,6061.67,419,2.95,2464914.46,1757660.31,707254.15,Cash,28.69284762,2,Feb,2024
7/9/2024,Dangote 3X Cement,Kano,Online,5758.82,436,0.22,2505321.66,2003546.17,501775.49,Pending,20.0283859,7,Jul,2024
11/26/2024,Dangote 42.5R Cement,Ogun,Wholesale,6705.08,444,2.43,2904713.07,2068889.92,835823.15,Cash,28.77472335,11,Nov,2024
1/26/2024,Dangote Premium Cement,Kano,Retail,6821.69,222,1.49,1491850.39,1101392.78,390457.61,Cash,26.17270556,1,Jan,2024
3/29/2024,Dangote Sulfate Resistant Cement,Ogun,Wholesale,6774.98,248,2.65,1635669.87,1150636.42,485033.46,Pending,29.65350581,3,Mar,2024
11/27/2024,Dangote Sulfate Resistant Cement,Abuja,Retail,7382.78,265,0.18,1952915.11,1421678.46,531236.66,Pending,27.20224024,11,Nov,2024
8/2/2024,Dangote Premium Cement,Kano,Wholesale,6630.75,430,1.63,2804747.57,1968800.97,835946.6,Cash,29.80470004,8,Aug,2024
12/31/2024,Dangote Sulfate Resistant Cement,Abuja,Online,7281.44,196,2.74,1388057.99,1041375.69,346682.3,Cash,24.97606746,12,Dec,2024
5/18/2024,Dangote Premium Cement,Lagos,Retail,6597.12,35,2.69,224688.01,174774.43,49913.58,Paid,22.21461661,5,May,2024
8/29/2024,Dangote Sulfate Resistant Cement,Kano,Wholesale,7473.98,71,0.74,526725.75,381410.16,145315.59,Paid,27.58847275,8,Aug,2024
4/22/2024,Dangote 42.5R Cement,Rivers,Wholesale,5976.1,323,0.95,1911942.64,1479481.31,432461.33,Credit,22.61894897,4,Apr,2024
10/29/2024,Dangote 3X Cement,Rivers,Online,6063.61,308,2.85,1814365.51,1421863.25,392502.26,Cash,21.63303137,10,Oct,2024
10/4/2024,Dangote Sulfate Resistant Cement,Ogun,Retail,6537.96,48,0.7,311625.33,224956.37,86668.96,Cash,27.81191118,10,Oct,2024
1/1/2024,Dangote Sulfate Resistant Cement,Kano,Wholesale,7306.45,194,2.15,1386976.1,1098315.97,288660.13,Credit,20.81219208,1,Jan,2024
1/31/2024,Dangote 3X Cement,Ogun,Online,6204.7,92,2.32,557589.09,437511.21,120077.88,Credit,21.5351918,1,Jan,2024
2/7/2024,Dangote Sulfate Resistant Cement,Abuja,Online,6601.03,174,0.97,1137438,907204.7,230233.3,Cash,20.24139338,2,Feb,2024
11/23/2024,Dangote 42.5R Cement,Rivers,Wholesale,6507.18,307,2.08,1956152.01,1551002.65,405149.36,Credit,20.71154787,11,Nov,2024
4/24/2024,Dangote Premium Cement,Abuja,Retail,6733.99,170,0.38,1140428.14,881417.63,259010.51,Cash,22.71169054,4,Apr,2024
10/17/2024,Dangote 3X Cement,Ogun,Online,5818.22,434,2.9,2451879.36,1770476.4,681402.96,Paid,27.7910476,10,Oct,2024
9/11/2024,Dangote Premium Cement,Rivers,Online,6077.81,197,2.95,1162007.38,832913.81,329093.57,Paid,28.32112564,9,Sep,2024
12/28/2024,Dangote Sulfate Resistant Cement,Abuja,Wholesale,6765.21,147,2.08,973800.56,715790.27,258010.29,Paid,26.49518809,12,Dec,2024
1/1/2024,Dangote 3X Cement,Abuja,Retail,6232.58,105,2.65,637078.75,477368.33,159710.42,Cash,25.06918022,1,Jan,2024
6/28/2024,Dangote 42.5R Cement,Lagos,Retail,6588.73,315,1.95,2034978.68,1564320.75,470657.93,Pending,23.12839612,6,Jun,2024
8/19/2024,Dangote 3X Cement,Lagos,Retail,5520.08,153,2.85,820501.93,580439.51,240062.42,Pending,29.25799577,8,Aug,2024
7/11/2024,Dangote Premium Cement,Lagos,Online,6941.83,67,1.01,460405.07,367646.16,92758.91,Cash,20.14723904,7,Jul,2024
12/26/2024,Dangote 3X Cement,Abuja,Online,5665,475,1.3,2655893.62,1873349.37,782544.25,Credit,29.46444256,12,Dec,2024
4/15/2024,Dangote Premium Cement,Abuja,Online,6554.11,493,2.19,3160413.47,2296124.06,864289.41,Credit,27.34735243,4,Apr,2024
6/1/2024,Dangote Premium Cement,Lagos,Wholesale,6392.9,301,2.52,1875771.47,1341849.99,533921.48,Credit,28.46410069,6,Jun,2024
1/2/2024,Dangote 42.5R Cement,Lagos,Retail,6623.9,340,1.8,2211587.73,1592271.25,619316.49,Paid,28.00325222,1,Jan,2024
4/15/2024,Dangote Premium Cement,Rivers,Wholesale,6473.57,79,0.93,506655.9,374797.05,131858.85,Cash,26.02532606,4,Apr,2024
12/4/2024,Dangote Sulfate Resistant Cement,Lagos,Online,7044.13,114,1.11,794117.18,586173.24,207943.94,Pending,26.18554859,12,Dec,2024
8/16/2024,Dangote 3X Cement,Rivers,Retail,5965.06,135,2.51,785070.49,593846.68,191223.81,Pending,24.35753381,8,Aug,2024
12/22/2024,Dangote 3X Cement,Lagos,Online,5843.79,297,1.24,1714084.12,1329521.96,384562.16,Pending,22.435431,12,Dec,2024
10/10/2024,Dangote 3X Cement,Abuja,Online,5918.63,294,2.06,1704231.63,1352539.82,351691.81,Pending,20.63638556,10,Oct,2024
8/31/2024,Dangote Sulfate Resistant Cement,Lagos,Retail,7402.78,385,0.1,2847220.23,2155693.06,691527.17,Pending,24.28780053,8,Aug,2024
3/2/2024,Dangote 42.5R Cement,Ogun,Wholesale,6772.16,433,0.58,2915337.68,2053177.84,862159.84,Paid,29.57324107,3,Mar,2024
12/15/2024,Dangote 42.5R Cement,Ogun,Online,5947.88,324,0.77,1912274.35,1512762.85,399511.5,Paid,20.89195517,12,Dec,2024
2/14/2024,Dangote 42.5R Cement,Kano,Retail,6352.05,458,0.83,2885092.22,2151747.12,733345.09,Paid,25.41842805,2,Feb,2024
12/24/2024,Dangote 42.5R Cement,Lagos,Retail,5949.64,310,1.76,1811927.16,1405761.47,406165.69,Paid,22.41622616,12,Dec,2024
2/24/2024,Dangote 3X Cement,Rivers,Online,6380.14,469,1.23,2955480.55,2182044.14,773436.41,Cash,26.16956522,2,Feb,2024
10/19/2024,Dangote 42.5R Cement,Lagos,Wholesale,6075.41,93,1.85,554560.39,425947.46,128612.93,Cash,23.19187095,10,Oct,2024
1/20/2024,Dangote 42.5R Cement,Rivers,Online,6037.58,401,1.43,2386448.29,1734610.07,651838.22,Credit,27.31415647,1,Jan,2024
1/11/2024,Dangote Sulfate Resistant Cement,Rivers,Retail,6780.35,271,2.57,1790251.75,1375781.98,414469.77,Pending,23.15147967,1,Jan,2024
3/9/2024,Dangote Sulfate Resistant Cement,Abuja,Retail,6769.42,233,1.81,1548726.19,1097936.42,450789.77,Cash,29.10713158,3,Mar,2024
4/18/2024,Dangote 42.5R Cement,Abuja,Online,6667.19,440,0.17,2928576.54,2281797.6,646778.94,Paid,22.08509599,4,Apr,2024
6/8/2024,Dangote 42.5R Cement,Ogun,Online,6679.33,34,0.52,225916.31,177913.18,48003.14,Pending,21.24819585,6,Jun,2024
1/30/2024,Dangote Premium Cement,Lagos,Retail,6050.56,204,2.11,1208270.21,878893.03,329377.18,Cash,27.26022518,1,Jan,2024
9/15/2024,Dangote 42.5R Cement,Lagos,Online,5830.56,210,1.47,1206418.66,898311.81,308106.85,Cash,25.53896588,9,Sep,2024
10/27/2024,Dangote Sulfate Resistant Cement,Rivers,Wholesale,7337.65,152,2.25,1090228.04,838260.04,251967.99,Credit,23.11149418,10,Oct,2024
1/15/2024,Dangote 42.5R Cement,Lagos,Wholesale,6653.82,419,2.89,2707378.81,2127217.63,580161.18,Pending,21.42888826,1,Jan,2024
12/12/2024,Dangote Premium Cement,Rivers,Online,6409.51,30,2.59,187305.11,149228.57,38076.54,Paid,20.32861784,12,Dec,2024
8/30/2024,Dangote Premium Cement,Ogun,Online,6800.86,134,0.76,904389.24,705883.54,198505.7,Credit,21.94914438,8,Aug,2024
12/30/2024,Dangote Sulfate Resistant Cement,Abuja,Retail,7351.59,255,0.76,1860408.07,1389110.52,471297.55,Cash,25.33302008,12,Dec,2024
10/26/2024,Dangote 3X Cement,Lagos,Online,6499.43,451,2.52,2857375.61,2160592.31,696783.3,Credit,24.38542898,10,Oct,2024
6/1/2024,Dangote 3X Cement,Abuja,Wholesale,5836.28,161,1.92,921599.97,724515.04,197084.93,Credit,21.38508425,6,Jun,2024
12/1/2024,Dangote Sulfate Resistant Cement,Ogun,Wholesale,7017.29,143,2.7,976378.71,762105.55,214273.16,Cash,21.94570179,12,Dec,2024
12/4/2024,Dangote Sulfate Resistant Cement,Ogun,Online,6525.46,274,2.99,1734515.56,1259158.78,475356.78,Cash,27.40573743,12,Dec,2024
7/26/2024,Dangote 42.5R Cement,Lagos,Online,6508.07,312,2.45,1980770.15,1454512.61,526257.54,Pending,26.5683295,7,Jul,2024
12/17/2024,Dangote 42.5R Cement,Rivers,Online,6100.19,107,2.52,636271.78,501159.13,135112.64,Pending,21.23505147,12,Dec,2024
5/30/2024,Dangote 3X Cement,Abuja,Wholesale,6240.92,391,2.43,2380902.87,1848275.42,532627.44,Pending,22.37081767,5,May,2024
12/14/2024,Dangote Sulfate Resistant Cement,Lagos,Wholesale,6855.28,401,2.61,2677219.23,1986623.19,690596.05,Credit,25.79527452,12,Dec,2024
7/9/2024,Dangote Sulfate Resistant Cement,Kano,Retail,6963.76,80,1.41,549245.68,432058.26,117187.42,Paid,21.33606586,7,Jul,2024
8/29/2024,Dangote Premium Cement,Kano,Wholesale,6867.5,215,1.59,1453035.95,1077151.14,375884.82,Pending,25.86892774,8,Aug,2024
3/11/2024,Dangote Premium Cement,Rivers,Retail,6987.19,477,2.72,3242235.03,2417919.94,824315.1,Credit,25.42428579,3,Mar,2024
4/2/2024,Dangote 3X Cement,Abuja,Retail,6131.03,110,0.94,668073.81,471527.41,196546.41,Cash,29.41986455,4,Apr,2024
5/20/2024,Dangote Premium Cement,Ogun,Online,6764.48,270,2.36,1783306.33,1387368.18,395938.15,Pending,22.20247544,5,May,2024
11/10/2024,Dangote 42.5R Cement,Abuja,Retail,6229.03,264,1.15,1625552.58,1144019.26,481533.33,Pending,29.62274712,11,Nov,2024
7/10/2024,Dangote 3X Cement,Rivers,Online,5690.58,366,0.01,2082544,1610556.91,471987.1,Pending,22.66396772,7,Jul,2024
12/21/2024,Dangote Sulfate Resistant Cement,Rivers,Wholesale,6602.71,277,1.77,1796578.24,1287611.25,508966.99,Paid,28.32979821,12,Dec,2024
6/1/2024,Dangote Sulfate Resistant Cement,Abuja,Online,7020.29,288,1.01,2001422.9,1578717.19,422705.71,Pending,21.12025949,6,Jun,2024
6/24/2024,Dangote 42.5R Cement,Rivers,Wholesale,5964.88,484,2.75,2807609.37,2078583.17,729026.19,Pending,25.96608338,6,Jun,2024
4/24/2024,Dangote Premium Cement,Ogun,Online,6021.91,278,0.51,1665553.12,1226944.93,438608.18,Paid,26.33408534,4,Apr,2024
7/11/2024,Dangote Sulfate Resistant Cement,Kano,Online,6548.59,44,1.99,282404.01,216139.82,66264.19,Paid,23.46432333,7,Jul,2024
1/25/2024,Dangote 3X Cement,Abuja,Retail,5880.25,300,0.76,1750668.03,1348341.45,402326.58,Pending,22.98131759,1,Jan,2024
12/21/2024,Dangote 3X Cement,Rivers,Retail,6161.66,359,1.56,2177528.18,1659885.7,517642.48,Pending,23.77202209,12,Dec,2024
8/2/2024,Dangote 3X Cement,Kano,Online,6117.7,164,0.34,999891.57,710549.32,289342.25,Pending,28.93736268,8,Aug,2024
11/7/2024,Dangote Premium Cement,Rivers,Online,6973.12,203,2.11,1385675.4,1010898.87,374776.53,Paid,27.04648794,11,Nov,2024
10/7/2024,Dangote 42.5R Cement,Ogun,Online,6733.12,189,0.7,1263651.76,886167.31,377484.45,Paid,29.87250617,10,Oct,2024
2/26/2024,Dangote 42.5R Cement,Ogun,Wholesale,6579.53,58,2.17,373331.74,265113.72,108218.03,Credit,28.98709603,2,Feb,2024
11/25/2024,Dangote Premium Cement,Abuja,Retail,6264.13,45,0.3,281040.19,201637.96,79402.23,Paid,28.25298047,11,Nov,2024
5/28/2024,Dangote Sulfate Resistant Cement,Rivers,Retail,7238.54,68,2.55,479669.09,378472.92,101196.17,Paid,21.09707966,5,May,2024
3/11/2024,Dangote Premium Cement,Rivers,Retail,6894.53,338,0.8,2311708.33,1787659.76,524048.57,Credit,22.66932048,3,Mar,2024
6/24/2024,Dangote Premium Cement,Lagos,Retail,6400.25,253,0.82,1605985.29,1186135.04,419850.25,Cash,26.14284531,6,Jun,2024
8/3/2024,Dangote Premium Cement,Lagos,Wholesale,6696.17,50,2.94,324965.13,254914.02,70051.11,Paid,21.55650054,8,Aug,2024
8/1/2024,Dangote 42.5R Cement,Kano,Online,6238.16,332,1.14,2047458.93,1506642.91,540816.02,Paid,26.41401066,8,Aug,2024
12/16/2024,Dangote Premium Cement,Abuja,Retail,6112.94,230,1.32,1387417.31,979979.47,407437.84,Credit,29.36663952,12,Dec,2024
1/7/2024,Dangote Premium Cement,Rivers,Online,6523.1,378,1.85,2420115.76,1798835.24,621280.52,Pending,25.67152077,1,Jan,2024
9/3/2024,Dangote Sulfate Resistant Cement,Abuja,Wholesale,7339.03,305,2.68,2178414.92,1658408.55,520006.37,Paid,23.87085974,9,Sep,2024
11/25/2024,Dangote Premium Cement,Kano,Retail,6851.87,465,0.5,3170188.95,2457349.78,712839.18,Credit,22.4857001,11,Nov,2024
5/3/2024,Dangote Sulfate Resistant Cement,Rivers,Wholesale,7006.93,301,1.93,2068380.57,1531279.43,537101.14,Pending,25.96723001,5,May,2024
2/10/2024,Dangote 42.5R Cement,Abuja,Online,6248.1,458,1.5,2818705.35,2062182.18,756523.17,Cash,26.83938461,2,Feb,2024
11/30/2024,Dangote 3X Cement,Lagos,Retail,5912.34,305,1.65,1773509.85,1387932.63,385577.22,Credit,21.74091224,11,Nov,2024
9/17/2024,Dangote Premium Cement,Abuja,Retail,6363.34,47,2.45,291749.59,228857.64,62891.95,Credit,21.5568255,9,Sep,2024
10/13/2024,Dangote 42.5R Cement,Rivers,Online,6252.53,69,2.28,421588.09,304460.26,117127.83,Credit,27.7825282,10,Oct,2024
6/30/2024,Dangote Sulfate Resistant Cement,Kano,Online,6873.89,74,0.14,507955.72,363907.37,144048.35,Pending,28.35844628,6,Jun,2024
7/28/2024,Dangote 3X Cement,Rivers,Online,5695.92,81,2.79,448497.31,331569.42,116927.89,Cash,26.07103485,7,Jul,2024
4/7/2024,Dangote Sulfate Resistant Cement,Lagos,Retail,6546.5,344,2.51,2195470.9,1666101.4,529369.5,Cash,24.11188871,4,Apr,2024
8/22/2024,Dangote Premium Cement,Abuja,Wholesale,6530.36,44,1.66,282566.07,210026,72540.07,Cash,25.67189684,8,Aug,2024
9/17/2024,Dangote Premium Cement,Kano,Wholesale,6730.49,85,0.31,570318.17,436722.38,133595.79,Credit,23.42478235,9,Sep,2024
9/15/2024,Dangote 42.5R Cement,Abuja,Online,6715.91,410,0.74,2733147.03,2021946.64,711200.39,Credit,26.02130007,9,Sep,2024
5/30/2024,Dangote 42.5R Cement,Ogun,Wholesale,6212.75,378,2.66,2285951.54,1717274.15,568677.39,Credit,24.87705361,5,May,2024
12/30/2024,Dangote Premium Cement,Ogun,Wholesale,6624.17,168,2.06,1089935.63,863358.92,226576.72,Pending,20.78808269,12,Dec,2024
12/29/2024,Dangote Premium Cement,Kano,Online,6694.31,185,2.13,1212068.42,940659.03,271409.39,Cash,22.39224994,12,Dec,2024
10/25/2024,Dangote 42.5R Cement,Kano,Retail,6677.48,236,2.42,1537748.86,1156806.94,380941.91,Paid,24.77269988,10,Oct,2024
7/14/2024,Dangote Premium Cement,Lagos,Online,6056.6,156,2.25,923570.93,661363.18,262207.75,Credit,28.39064564,7,Jul,2024
12/15/2024,Dangote Sulfate Resistant Cement,Ogun,Wholesale,7190.59,171,0.61,1222090.39,921599.39,300491,Credit,24.58827943,12,Dec,2024
8/19/2024,Dangote 3X Cement,Kano,Online,6239.49,462,0.67,2863330.66,2189623.16,673707.5,Cash,23.52880544,8,Aug,2024
5/1/2024,Dangote Sulfate Resistant Cement,Lagos,Retail,6887.55,423,2.93,2828070.04,2068069.77,760000.28,Paid,26.87346032,5,May,2024
1/7/2024,Dangote Sulfate Resistant Cement,Ogun,Online,7368.85,460,2.61,3301200.59,2584834.61,716365.98,Credit,21.70016515,1,Jan,2024
10/28/2024,Dangote Premium Cement,Ogun,Retail,6448.81,369,0.22,2374375.75,1890590.81,483784.94,Paid,20.37524768,10,Oct,2024
7/12/2024,Dangote 3X Cement,Abuja,Retail,6056.6,86,0.48,518367.44,406711.83,111655.61,Paid,21.5398579,7,Jul,2024
6/18/2024,Dangote 42.5R Cement,Ogun,Wholesale,5953.7,185,1.79,1081718.82,840891.54,240827.29,Credit,22.26339096,6,Jun,2024
9/8/2024,Dangote Sulfate Resistant Cement,Lagos,Online,6817.86,132,2.87,874128.74,657397.81,216730.93,Pending,24.7939371,9,Sep,2024
7/31/2024,Dangote 42.5R Cement,Lagos,Retail,6021.2,129,1.99,761277.78,558097.8,203179.97,Credit,26.68933408,7,Jul,2024
4/21/2024,Dangote 42.5R Cement,Kano,Online,5808.8,362,1.04,2080916.63,1506656.03,574260.6,Pending,27.59652125,4,Apr,2024
1/21/2024,Dangote Sulfate Resistant Cement,Abuja,Wholesale,6885.88,296,2.17,1993991.1,1400720.07,593271.03,Credit,29.75294273,1,Jan,2024
9/20/2024,Dangote 42.5R Cement,Abuja,Wholesale,6096.43,353,0.58,2139557.96,1607641.32,531916.64,Paid,24.86105307,9,Sep,2024
3/26/2024,Dangote 3X Cement,Lagos,Wholesale,6170.34,416,0.64,2550433.53,1960111.5,590322.02,Paid,23.14594805,3,Mar,2024
4/15/2024,Dangote 42.5R Cement,Lagos,Online,6486.04,32,1.38,204689.04,150072.18,54616.86,Paid,26.68284535,4,Apr,2024
2/7/2024,Dangote 3X Cement,Ogun,Retail,6058.08,314,2.46,1855442.09,1467837.74,387604.34,Cash,20.89013406,2,Feb,2024
7/17/2024,Dangote 42.5R Cement,Abuja,Retail,6116.4,219,2.02,1312433.87,988897.18,323536.69,Paid,24.65165654,7,Jul,2024
10/26/2024,Dangote 3X Cement,Lagos,Retail,6428.05,74,0.87,471537.32,362417.86,109119.46,Paid,23.14121393,10,Oct,2024
5/24/2024,Dangote 42.5R Cement,Abuja,Retail,6622.12,35,1.42,228483.01,172126.94,56356.07,Pending,24.66532194,5,May,2024
7/19/2024,Dangote Sulfate Resistant Cement,Ogun,Retail,7177.29,488,2.9,3400944.51,2675570.31,725374.2,Credit,21.32861027,7,Jul,2024
1/6/2024,Dangote Premium Cement,Lagos,Wholesale,6005.03,325,1.18,1928605.46,1455619.88,472985.58,Paid,24.52474546,1,Jan,2024
6/5/2024,Dangote Premium Cement,Rivers,Wholesale,6412.65,350,2.55,2187194.6,1562193.93,625000.67,Pending,28.57544866,6,Jun,2024
4/23/2024,Dangote Sulfate Resistant Cement,Ogun,Wholesale,6681.36,429,1.7,2817576.28,1987627.72,829948.56,Cash,29.4561168,4,Apr,2024
11/26/2024,Dangote 3X Cement,Rivers,Online,5567.36,70,0.59,387415.88,293684.31,93731.57,Credit,24.19404439,11,Nov,2024
7/1/2024,Dangote Premium Cement,Ogun,Wholesale,6285.14,55,2.7,336349.27,246133.19,90216.07,Cash,26.82213938,7,Jul,2024
6/17/2024,Dangote Sulfate Resistant Cement,Kano,Wholesale,7065.55,206,2.42,1420280.12,1130352.5,289927.62,Pending,20.41341112,6,Jun,2024
1/3/2024,Dangote Sulfate Resistant Cement,Ogun,Wholesale,7212.2,348,1.31,2476966.62,1941969.09,534997.53,Pending,21.59889946,1,Jan,2024
12/13/2024,Dangote Sulfate Resistant Cement,Abuja,Retail,6945.36,416,0.92,2862688.48,2161808.39,700880.09,Pending,24.48328188,12,Dec,2024
11/26/2024,Dangote 3X Cement,Rivers,Wholesale,6391.3,120,0.79,760897.05,600068.97,160828.08,Paid,21.13664128,11,Nov,2024
2/8/2024,Dangote 3X Cement,Kano,Online,5531.19,317,1.74,1722878.29,1338538.65,384339.65,Pending,22.30799774,2,Feb,2024
1/19/2024,Dangote Sulfate Resistant Cement,Kano,Online,6972.1,416,0.45,2887341.83,2134466.97,752874.86,Credit,26.07501655,1,Jan,2024
3/9/2024,Dangote 42.5R Cement,Kano,Online,5890.55,206,1.51,1195130.16,915789.81,279340.34,Pending,23.37321485,3,Mar,2024
9/20/2024,Dangote Premium Cement,Abuja,Wholesale,6179.15,309,1.98,1871552.07,1491203.2,380348.87,Cash,20.3226443,9,Sep,2024
7/2/2024,Dangote 3X Cement,Ogun,Retail,5731.75,155,1.11,878559.77,618752.82,259806.95,Pending,29.57191518,7,Jul,2024
9/22/2024,Dangote Sulfate Resistant Cement,Abuja,Retail,7417.9,471,0.14,3488939.54,2784379.52,704560.02,Credit,20.1941023,9,Sep,2024
2/22/2024,Dangote Sulfate Resistant Cement,Rivers,Online,7044.35,109,1.13,759157.62,560145.86,199011.77,Paid,26.21481557,2,Feb,2024
9/21/2024,Dangote Sulfate Resistant Cement,Abuja,Wholesale,7016.37,200,2.45,1368893.79,1005456.91,363436.88,Cash,26.54967702,9,Sep,2024
11/5/2024,Dangote 3X Cement,Kano,Wholesale,5939.9,137,0.23,811894.64,620569.8,191324.84,Pending,23.56523009,11,Nov,2024
3/17/2024,Dangote Premium Cement,Ogun,Retail,6602.02,438,0.35,2881563.86,2083470.47,798093.39,Credit,27.69653663,3,Mar,2024
2/28/2024,Dangote 42.5R Cement,Abuja,Retail,6010.7,102,1.94,601197.43,445541.35,155656.07,Pending,25.89100722,2,Feb,2024
1/23/2024,Dangote Premium Cement,Kano,Online,6161.13,342,1.54,2074657.02,1637069.88,437587.14,Pending,21.0920232,1,Jan,2024
1/29/2024,Dangote Premium Cement,Rivers,Wholesale,6516.64,227,1.8,1452650.29,1098727.26,353923.03,Paid,24.36395273,1,Jan,2024
12/4/2024,Dangote Sulfate Resistant Cement,Lagos,Wholesale,6949.2,261,2.6,1766583.93,1266740.8,499843.12,Cash,28.29433187,12,Dec,2024
11/3/2024,Dangote Premium Cement,Kano,Wholesale,6623.21,281,0.79,1846419.15,1426208.64,420210.51,Credit,22.75813214,11,Nov,2024
8/20/2024,Dangote 3X Cement,Ogun,Retail,5885.46,75,0.05,441188.8,331893.6,109295.2,Cash,24.77288635,8,Aug,2024
3/17/2024,Dangote 3X Cement,Ogun,Retail,6401.61,327,0.12,2090814.48,1627462.44,463352.04,Paid,22.16131773,3,Mar,2024
2/17/2024,Dangote 42.5R Cement,Ogun,Online,6339.29,20,2.69,123375.26,95922.67,27452.59,Cash,22.25129252,2,Feb,2024
9/24/2024,Dangote 42.5R Cement,Rivers,Wholesale,6497.64,239,0.69,1542220.7,1203286.89,338933.81,Cash,21.97699784,9,Sep,2024
6/28/2024,Dangote 3X Cement,Abuja,Wholesale,5754.52,412,0.7,2354266.2,1850230.35,504035.86,Credit,21.40946763,6,Jun,2024
11/2/2024,Dangote 42.5R Cement,Rivers,Wholesale,5805.47,400,2.37,2267152.14,1718044.98,549107.16,Paid,24.22012843,11,Nov,2024
9/23/2024,Dangote 3X Cement,Abuja,Online,5705.42,431,0.95,2435675.18,1793209.78,642465.4,Pending,26.37730208,9,Sep,2024
8/6/2024,Dangote Sulfate Resistant Cement,Rivers,Online,6923.56,207,1.84,1406806.46,1124291.4,282515.06,Cash,20.08201327,8,Aug,2024
4/14/2024,Dangote 42.5R Cement,Kano,Online,6282.47,209,1.68,1290977.22,966136.39,324840.83,Credit,25.1623983,4,Apr,2024
10/22/2024,Dangote Sulfate Resistant Cement,Abuja,Online,6638.07,462,1.98,3006065.93,2329044.03,677021.9,Cash,22.521858,10,Oct,2024
12/24/2024,Dangote Premium Cement,Lagos,Wholesale,6508.34,422,1.02,2718504.98,2052627.91,665877.08,Paid,24.49423801,12,Dec,2024
3/23/2024,Dangote 42.5R Cement,Lagos,Wholesale,6623.26,261,2.78,1680613.81,1249599.8,431014.01,Paid,25.64622565,3,Mar,2024
5/14/2024,Dangote Premium Cement,Rivers,Wholesale,6609.03,390,1.15,2547880.2,2034341.72,513538.48,Credit,20.15551909,5,May,2024
12/30/2024,Dangote 3X Cement,Ogun,Online,5994.37,25,0.61,148945.11,114045.55,34899.56,Credit,23.43115528,12,Dec,2024
4/9/2024,Dangote 3X Cement,Kano,Online,6015.81,138,1.85,814823.42,625297.48,189525.94,Credit,23.25975608,4,Apr,2024
5/2/2024,Dangote 3X Cement,Ogun,Wholesale,6496.82,419,1.2,2689501.57,2062756.81,626744.76,Cash,23.30337959,5,May,2024
10/27/2024,Dangote Premium Cement,Kano,Wholesale,6736.93,55,2.76,360304.49,272015.21,88289.28,Credit,24.50407432,10,Oct,2024
6/26/2024,Dangote Sulfate Resistant Cement,Ogun,Online,7463.06,252,2.79,1828219.84,1384859.47,443360.36,Credit,24.25093254,6,Jun,2024
3/30/2024,Dangote 42.5R Cement,Kano,Wholesale,6358.63,277,0.88,1745840.71,1387422.32,358418.4,Credit,20.52984547,3,Mar,2024
10/2/2024,Dangote Sulfate Resistant Cement,Abuja,Retail,7063.17,414,0.73,2902806.07,2130561.18,772244.89,Cash,26.60339242,10,Oct,2024
12/14/2024,Dangote 42.5R Cement,Kano,Wholesale,6281.97,152,0.2,952949.72,727449.59,225500.13,Pending,23.66338174,12,Dec,2024
12/12/2024,Dangote Premium Cement,Rivers,Retail,6955.45,284,1.61,1943544.7,1496688.51,446856.19,Credit,22.99181439,12,Dec,2024
5/7/2024,Dangote Sulfate Resistant Cement,Lagos,Retail,7173.7,440,1.03,3123916.79,2359979.03,763937.76,Pending,24.45448491,5,May,2024
8/31/2024,Dangote Sulfate Resistant Cement,Rivers,Wholesale,7394.32,157,0.55,1154523.24,894311.75,260211.5,Pending,22.5384376,8,Aug,2024
9/12/2024,Dangote Premium Cement,Ogun,Online,6242.06,155,0.62,961520.68,692560.9,268959.78,Pending,27.97233441,9,Sep,2024
11/12/2024,Dangote Sulfate Resistant Cement,Ogun,Wholesale,6619.88,60,2.03,389129.79,298206.66,90923.13,Paid,23.36575928,11,Nov,2024
10/4/2024,Dangote 3X Cement,Abuja,Retail,6120.67,272,2.69,1620038.52,1276750.29,343288.23,Credit,21.19012763,10,Oct,2024
9/8/2024,Dangote Premium Cement,Kano,Retail,6397.88,404,1.73,2540027.46,1791773,748254.45,Cash,29.45851814,9,Sep,2024
9/1/2024,Dangote 3X Cement,Kano,Retail,5893.72,371,2.33,2135623.04,1592575.96,543047.07,Paid,25.42803949,9,Sep,2024
12/23/2024,Dangote 42.5R Cement,Rivers,Online,5808.42,365,0.63,2106716.84,1597103.77,509613.07,Credit,24.18991771,12,Dec,2024
7/4/2024,Dangote Sulfate Resistant Cement,Ogun,Online,6762.85,157,1.41,1046796.53,796935,249861.53,Credit,23.86915918,7,Jul,2024
4/4/2024,Dangote 42.5R Cement,Abuja,Wholesale,6219.09,405,1.12,2490521.66,1956136.92,534384.74,Credit,21.45673931,4,Apr,2024
8/18/2024,Dangote Premium Cement,Kano,Wholesale,6979.27,371,0.69,2571442.94,1825690.99,745751.95,Credit,29.00130267,8,Aug,2024
4/30/2024,Dangote 42.5R Cement,Abuja,Wholesale,5945.84,398,0.45,2355795.32,1838855.7,516939.62,Pending,21.94331637,4,Apr,2024
8/3/2024,Dangote 42.5R Cement,Ogun,Online,6317.01,388,0.95,2427715.38,1817538.3,610177.08,Credit,25.13379802,8,Aug,2024
10/14/2024,Dangote 3X Cement,Abuja,Wholesale,6190.54,50,0.65,307515.07,223080.34,84434.73,Paid,27.45710316,10,Oct,2024
8/18/2024,Dangote Sulfate Resistant Cement,Rivers,Retail,6860.31,305,2.8,2033807.5,1476079.49,557728.02,Paid,27.42285197,8,Aug,2024
7/29/2024,Dangote 3X Cement,Rivers,Online,6463.12,121,1.73,768508.27,587898.49,180609.78,Pending,23.50134501,7,Jul,2024
5/25/2024,Dangote Sulfate Resistant Cement,Rivers,Online,7010.44,416,2.21,2851891.86,2250037.86,601854,Cash,21.10367537,5,May,2024
11/10/2024,Dangote Sulfate Resistant Cement,Abuja,Online,7456.59,464,0.5,3442558.47,2687852.28,754706.19,Credit,21.92282852,11,Nov,2024
8/3/2024,Dangote 42.5R Cement,Lagos,Wholesale,5962,136,0.94,803210.18,614697.8,188512.38,Credit,23.46986937,8,Aug,2024
11/5/2024,Dangote 42.5R Cement,Rivers,Retail,6580.97,500,1.09,3254618.71,2469253.11,785365.61,Cash,24.13080241,11,Nov,2024
7/30/2024,Dangote Premium Cement,Ogun,Wholesale,6125.04,140,1.99,840441.24,667347.1,173094.14,Paid,20.59562665,7,Jul,2024
4/17/2024,Dangote Premium Cement,Abuja,Wholesale,6095.55,499,2.64,2961379.11,2235377.4,726001.71,Paid,24.51566257,4,Apr,2024
7/22/2024,Dangote 3X Cement,Lagos,Retail,6118.1,63,1.96,377885.67,297980.66,79905.01,Credit,21.14528714,7,Jul,2024
4/27/2024,Dangote Premium Cement,Rivers,Retail,6626.48,87,1.58,567395,406856.71,160538.29,Paid,28.29392046,4,Apr,2024
12/5/2024,Dangote Sulfate Resistant Cement,Rivers,Retail,6967.19,465,1.62,3187259.51,2317907.2,869352.3,Cash,27.27585555,12,Dec,2024
3/10/2024,Dangote Premium Cement,Kano,Online,6456.54,403,1.91,2552287.69,1930546.45,621741.24,Credit,24.3601551,3,Mar,2024
6/26/2024,Dangote 42.5R Cement,Kano,Wholesale,6604.71,246,0.92,1609810.88,1193224.63,416586.25,Pending,25.87796214,6,Jun,2024
6/4/2024,Dangote 3X Cement,Lagos,Online,6315.38,454,0.41,2855427.07,2080681.82,774745.25,Paid,27.13237743,6,Jun,2024
12/18/2024,Dangote 42.5R Cement,Abuja,Retail,5809.13,240,2.39,1360870.03,1033853.47,327016.56,Paid,24.02996266,12,Dec,2024
10/7/2024,Dangote Sulfate Resistant Cement,Ogun,Retail,7382.16,243,1.18,1772697.27,1269830.83,502866.44,Cash,28.36730493,10,Oct,2024
7/12/2024,Dangote Premium Cement,Rivers,Wholesale,6422.24,142,1.55,897822.73,700298.05,197524.68,Credit,22.00040981,7,Jul,2024
5/25/2024,Dangote Sulfate Resistant Cement,Abuja,Wholesale,7353.48,113,0.41,827536.37,588407.85,239128.52,Cash,28.8964363,5,May,2024
11/12/2024,Dangote 42.5R Cement,Rivers,Online,6422.75,116,0.96,737886.63,527747.53,210139.09,Paid,28.47850624,11,Nov,2024
4/5/2024,Dangote 3X Cement,Rivers,Retail,5625.04,244,2.18,1342589.05,971069.22,371519.83,Pending,27.67189484,4,Apr,2024
1/8/2024,Dangote 42.5R Cement,Ogun,Retail,6220.24,422,2.4,2561942.69,2049032.4,512910.29,Cash,20.02036548,1,Jan,2024
12/22/2024,Dangote 3X Cement,Rivers,Wholesale,6343.55,94,0.17,595280,462869.07,132410.93,Paid,22.2434703,12,Dec,2024
10/5/2024,Dangote 42.5R Cement,Ogun,Wholesale,6695.7,148,2.45,966684.99,756745.38,209939.62,Paid,21.71748007,10,Oct,2024
12/31/2024,Dangote Premium Cement,Abuja,Retail,6247.16,37,0.6,229758.05,177725.27,52032.78,Paid,22.64677124,12,Dec,2024
9/23/2024,Dangote Premium Cement,Abuja,Retail,6681.44,179,2.81,1162370.78,832096.08,330274.71,Paid,28.41388614,9,Sep,2024
10/8/2024,Dangote 3X Cement,Rivers,Retail,6138.52,121,1.08,734739.1,518144.44,216594.66,Pending,29.47912531,10,Oct,2024
2/27/2024,Dangote Premium Cement,Abuja,Retail,6015.07,426,0.83,2541151.74,1809210.99,731940.74,Pending,28.80350388,2,Feb,2024
1/5/2024,Dangote 3X Cement,Kano,Online,5975.27,325,0.46,1933029.72,1502118.16,430911.57,Pending,22.29203025,1,Jan,2024
3/21/2024,Dangote 42.5R Cement,Lagos,Online,6418.64,496,2.91,3091001.36,2398481.1,692520.26,Paid,22.40439842,3,Mar,2024
1/31/2024,Dangote Sulfate Resistant Cement,Ogun,Online,7036.35,74,0.38,518711.28,375166.99,143544.29,Credit,27.67325399,1,Jan,2024
8/12/2024,Dangote Premium Cement,Lagos,Online,6377.77,390,0.4,2477380.98,1956799.76,520581.22,Cash,21.01336953,8,Aug,2024
12/27/2024,Dangote 42.5R Cement,Kano,Retail,6342.73,270,0.57,1702775.64,1223721.29,479054.35,Credit,28.13373287,12,Dec,2024
6/14/2024,Dangote 42.5R Cement,Rivers,Online,6714.47,303,0.48,2024718.88,1524843.62,499875.27,Cash,24.68862591,6,Jun,2024
5/31/2024,Dangote Sulfate Resistant Cement,Kano,Retail,6954.08,417,1.91,2844464.2,2098942.53,745521.67,Pending,26.20956418,5,May,2024
1/10/2024,Dangote Sulfate Resistant Cement,Kano,Wholesale,6820.69,52,1.97,347688.77,262121.05,85567.72,Cash,24.61043536,1,Jan,2024
4/7/2024,Dangote 42.5R Cement,Kano,Wholesale,6413.04,185,1.23,1171819.53,858009.08,313810.45,Paid,26.77975934,4,Apr,2024
9/24/2024,Dangote 3X Cement,Lagos,Wholesale,5678.64,36,0.61,203184.01,152090.76,51093.26,Paid,25.14629965,9,Sep,2024
1/17/2024,Dangote 42.5R Cement,Abuja,Online,6423.97,322,0.77,2052590.75,1512011.01,540579.74,Paid,26.33645991,1,Jan,2024
1/7/2024,Dangote Premium Cement,Abuja,Wholesale,6468.06,347,0.18,2240376.87,1693281.29,547095.58,Cash,24.4198013,1,Jan,2024
7/7/2024,Dangote 3X Cement,Kano,Retail,6029.02,395,0.21,2376461.83,1735745.04,640716.79,Pending,26.96095439,7,Jul,2024
9/22/2024,Dangote 3X Cement,Lagos,Online,5731.02,217,0.57,1236542.64,930645.74,305896.91,Pending,24.7380802,9,Sep,2024
10/18/2024,Dangote Premium Cement,Kano,Online,6558.14,402,0.32,2627935.89,2007381.49,620554.39,Credit,23.6137568,10,Oct,2024
12/11/2024,Dangote 42.5R Cement,Abuja,Wholesale,5966.81,112,1.65,657256.06,493250.48,164005.58,Pending,24.95307232,12,Dec,2024
9/30/2024,Dangote 42.5R Cement,Rivers,Retail,6350.08,186,2.53,1151232.67,853333.18,297899.5,Cash,25.87656759,9,Sep,2024
6/14/2024,Dangote Premium Cement,Kano,Online,6213.93,412,1.65,2517896.86,1950004.95,567891.91,Credit,22.55421654,6,Jun,2024
8/19/2024,Dangote 42.5R Cement,Abuja,Wholesale,6526.31,165,1.79,1057565.69,795036.58,262529.12,Credit,24.82390668,8,Aug,2024
1/4/2024,Dangote Sulfate Resistant Cement,Ogun,Wholesale,7355.72,31,2.31,222759.89,176945.93,45813.96,Credit,20.5665212,1,Jan,2024
10/10/2024,Dangote Premium Cement,Lagos,Wholesale,6460.37,99,0.42,636890.41,469202.44,167687.97,Pending,26.32917176,10,Oct,2024
4/29/2024,Dangote Sulfate Resistant Cement,Rivers,Wholesale,7070.49,311,2.75,2138452.02,1653935.67,484516.36,Credit,22.65734071,4,Apr,2024
9/4/2024,Dangote Premium Cement,Abuja,Online,6702.85,439,2.72,2862513.76,2174145.38,688368.38,Credit,24.04768807,9,Sep,2024
1/20/2024,Dangote 42.5R Cement,Lagos,Wholesale,6721.87,191,1.04,1270524.85,993187.28,277337.57,Cash,21.82858289,1,Jan,2024
3/2/2024,Dangote Premium Cement,Kano,Wholesale,6633.89,343,1.15,2249256.89,1643033.44,606223.45,Paid,26.95216597,3,Mar,2024
6/12/2024,Dangote Premium Cement,Rivers,Online,6697.77,98,0.15,655396.89,506725.25,148671.63,Cash,22.68421353,6,Jun,2024
8/16/2024,Dangote 3X Cement,Ogun,Retail,5789.78,221,0.44,1273911.4,934562.83,339348.57,Cash,26.63831802,8,Aug,2024
10/19/2024,Dangote 3X Cement,Kano,Retail,5762.56,224,1.51,1271322.16,988303.61,283018.54,Pending,22.26174835,10,Oct,2024
3/10/2024,Dangote 42.5R Cement,Kano,Wholesale,6287.86,353,1.71,2181659.17,1649589.07,532070.1,Pending,24.38832368,3,Mar,2024
5/4/2024,Dangote 3X Cement,Rivers,Retail,5823.41,493,1.73,2821273.85,2006639.45,814634.4,Cash,28.8747014,5,May,2024
8/4/2024,Dangote Sulfate Resistant Cement,Rivers,Wholesale,6820.74,324,1.97,2166384.34,1683211.59,483172.75,Pending,22.30318698,8,Aug,2024
6/28/2024,Dangote 42.5R Cement,Kano,Wholesale,6240.46,493,2.45,3001171.38,2160748.92,840422.46,Credit,28.00314789,6,Jun,2024
3/20/2024,Dangote 3X Cement,Lagos,Online,5554.54,337,2.78,1819841.72,1431988.38,387853.34,Credit,21.31247656,3,Mar,2024
1/8/2024,Dangote Sulfate Resistant Cement,Lagos,Retail,6950.06,31,1,213297.34,165092.42,48204.92,Pending,22.59986927,1,Jan,2024
4/14/2024,Dangote Sulfate Resistant Cement,Kano,Retail,7123.04,92,2.09,641623.5,492013.62,149609.88,Cash,23.31739408,4,Apr,2024
10/25/2024,Dangote 3X Cement,Rivers,Wholesale,5560.11,122,2.37,662256.92,504504.99,157751.93,Paid,23.82035208,10,Oct,2024
8/26/2024,Dangote 3X Cement,Lagos,Retail,6160.37,359,2.56,2154956.57,1650718.36,504238.21,Paid,23.39899639,8,Aug,2024
1/10/2024,Dangote Sulfate Resistant Cement,Abuja,Wholesale,7479.79,280,2.93,2032977,1443333.11,589643.9,Credit,29.00396315,1,Jan,2024
9/5/2024,Dangote 3X Cement,Ogun,Wholesale,6000.65,254,1.68,1498559.13,1155759.11,342800.02,Paid,22.87530823,9,Sep,2024
5/6/2024,Dangote Sulfate Resistant Cement,Rivers,Retail,6893.4,100,0.06,688926.4,529392.49,159533.9,Credit,23.15688584,5,May,2024
11/16/2024,Dangote Sulfate Resistant Cement,Ogun,Online,6775.88,51,1.88,339073.17,267144.8,71928.36,Paid,21.21322663,11,Nov,2024
10/11/2024,Dangote Sulfate Resistant Cement,Ogun,Wholesale,6841.79,221,1.97,1482248.49,1050587.35,431661.14,Cash,29.12204957,10,Oct,2024
9/23/2024,Dangote Premium Cement,Abuja,Wholesale,6572.9,238,2.91,1518827.61,1201352.45,317475.16,Credit,20.90264609,9,Sep,2024
8/17/2024,Dangote Premium Cement,Ogun,Online,6138.58,297,2.05,1785783.52,1286176.69,499606.83,Pending,27.97689778,8,Aug,2024
6/7/2024,Dangote Premium Cement,Abuja,Wholesale,6656.23,309,2.75,2000213.76,1463655.66,536558.1,Paid,26.82503794,6,Jun,2024
4/4/2024,Dangote Sulfate Resistant Cement,Ogun,Online,6529.48,183,2.64,1163349.62,862512.08,300837.54,Cash,25.85959842,4,Apr,2024
6/4/2024,Dangote 42.5R Cement,Rivers,Wholesale,6579.11,74,0.39,484955.41,340739.28,144216.13,Credit,29.73801859,6,Jun,2024
11/6/2024,Dangote Premium Cement,Kano,Wholesale,6230.91,33,1.08,203399.33,156376.28,47023.05,Cash,23.11858648,11,Nov,2024
3/9/2024,Dangote 42.5R Cement,Rivers,Wholesale,6652.13,271,1.42,1777128.5,1273096.9,504031.61,Pending,28.36213645,3,Mar,2024
1/17/2024,Dangote 42.5R Cement,Lagos,Retail,6750.2,133,2.23,877756.18,701173,176583.18,Pending,20.11756613,1,Jan,2024
2/3/2024,Dangote Premium Cement,Abuja,Online,6489.94,186,2.6,1175743.49,927377.9,248365.59,Cash,21.12413057,2,Feb,2024
7/26/2024,Dangote 3X Cement,Kano,Online,6324.33,388,0.94,2430773.94,1850184.77,580589.17,Paid,23.88495123,7,Jul,2024
9/23/2024,Dangote 3X Cement,Abuja,Retail,6327.01,41,2.63,252585,183016.06,69568.94,Cash,27.54278362,9,Sep,2024
1/21/2024,Dangote 42.5R Cement,Kano,Online,6762.59,117,0.87,784339.39,580257.41,204081.98,Credit,26.01960103,1,Jan,2024
5/26/2024,Dangote 42.5R Cement,Ogun,Retail,6094.42,490,0.16,2981487.77,2241175.31,740312.46,Pending,24.83030343,5,May,2024
8/25/2024,Dangote 42.5R Cement,Lagos,Online,6300.66,112,2.34,689161.15,547045.26,142115.89,Pending,20.62157596,8,Aug,2024
7/20/2024,Dangote 42.5R Cement,Rivers,Retail,5824.91,252,1.77,1441895.89,1112081.58,329814.31,Pending,22.87365629,7,Jul,2024
8/20/2024,Dangote 3X Cement,Rivers,Retail,6191.72,484,2.13,2932960.8,2101171.37,831789.43,Paid,28.36005957,8,Aug,2024
2/16/2024,Dangote 3X Cement,Abuja,Online,5862.94,288,2.12,1652729.95,1277043.58,375686.37,Pending,22.73126169,2,Feb,2024
7/12/2024,Dangote 42.5R Cement,Lagos,Wholesale,6712.25,309,2.61,2019951.62,1588221.81,431729.82,Pending,21.37327527,7,Jul,2024
3/15/2024,Dangote Premium Cement,Lagos,Retail,6308.06,393,2.31,2421801.12,1803335.65,618465.47,Pending,25.53741779,3,Mar,2024
3/1/2024,Dangote Premium Cement,Ogun,Wholesale,6622.56,149,0.04,986366.74,739541.05,246825.69,Cash,25.02372393,3,Mar,2024
10/5/2024,Dangote 3X Cement,Kano,Retail,5737.88,321,1.98,1805390.66,1345690.99,459699.68,Cash,25.46261539,10,Oct,2024
2/10/2024,Dangote 3X Cement,Ogun,Online,5778.11,341,1.67,1937430.91,1516088.61,421342.3,Paid,21.74747486,2,Feb,2024
4/4/2024,Dangote Premium Cement,Lagos,Online,6349.02,94,2.56,581529.6,445858.54,135671.06,Credit,23.33003513,4,Apr,2024
6/18/2024,Dangote 3X Cement,Lagos,Wholesale,5916.96,111,0.48,653630,476128.97,177501.04,Pending,27.1561954,6,Jun,2024
8/21/2024,Dangote Sulfate Resistant Cement,Lagos,Wholesale,7268.51,185,1.11,1329748.46,981213.33,348535.14,Paid,26.21060678,8,Aug,2024
8/6/2024,Dangote 3X Cement,Rivers,Retail,5634.55,375,2.58,2058441.98,1508675.05,549766.93,Cash,26.70791479,8,Aug,2024
9/25/2024,Dangote Premium Cement,Ogun,Online,6058.18,312,2.19,1848757.83,1410413.39,438344.44,Paid,23.71021412,9,Sep,2024
9/4/2024,Dangote Sulfate Resistant Cement,Abuja,Online,7347.8,152,1.58,1099219.12,878828.36,220390.76,Credit,20.04975678,9,Sep,2024
3/7/2024,Dangote 42.5R Cement,Kano,Online,6431.86,272,2.42,1707128.84,1345842.97,361285.88,Pending,21.16336339,3,Mar,2024
12/28/2024,Dangote Sulfate Resistant Cement,Ogun,Wholesale,6618.21,258,1.88,1675397.21,1192535.29,482861.92,Pending,28.82074275,12,Dec,2024
11/11/2024,Dangote 42.5R Cement,Abuja,Wholesale,6133.79,306,2.42,1831517.8,1320952.53,510565.27,Pending,27.87662069,11,Nov,2024
12/19/2024,Dangote Sulfate Resistant Cement,Rivers,Wholesale,6807.77,279,1.65,1868028.26,1450903.64,417124.62,Paid,22.32967396,12,Dec,2024
12/17/2024,Dangote Sulfate Resistant Cement,Rivers,Retail,7224.4,335,2.88,2350472.99,1840900.5,509572.49,Pending,21.67957225,12,Dec,2024
6/18/2024,Dangote Sulfate Resistant Cement,Abuja,Retail,7297.25,350,0.41,2543565.95,1820019.69,723546.26,Cash,28.4461372,6,Jun,2024
10/1/2024,Dangote Sulfate Resistant Cement,Abuja,Retail,7427.79,48,2.51,347584.92,253714.18,93870.74,Credit,27.00656289,10,Oct,2024
10/11/2024,Dangote 3X Cement,Ogun,Online,6185.49,429,2.75,2580601.89,2011781.18,568820.71,Paid,22.04217211,10,Oct,2024
3/17/2024,Dangote Sulfate Resistant Cement,Lagos,Retail,7483.62,340,1.6,2503719.91,1794158.05,709561.86,Cash,28.34030505,3,Mar,2024
4/5/2024,Dangote 3X Cement,Rivers,Online,6357.82,383,0.09,2432853.52,1803685.87,629167.65,Cash,25.86130422,4,Apr,2024
5/1/2024,Dangote Sulfate Resistant Cement,Abuja,Retail,6716.14,174,0.53,1162414.74,857189.7,305225.04,Paid,26.25784322,5,May,2024
4/13/2024,Dangote 3X Cement,Abuja,Online,5524.93,267,2.71,1435179.57,1026738.63,408440.94,Credit,28.45922201,4,Apr,2024
9/4/2024,Dangote Sulfate Resistant Cement,Rivers,Wholesale,7269.48,70,2.47,496294.67,393959.89,102334.78,Pending,20.61976205,9,Sep,2024
4/15/2024,Dangote 3X Cement,Abuja,Retail,6213.68,287,0.35,1777084.52,1299223.17,477861.35,Paid,26.89018697,4,Apr,2024
12/17/2024,Dangote 3X Cement,Rivers,Retail,6389.19,72,1.56,452845.34,346833.54,106011.81,Credit,23.41015809,12,Dec,2024
1/12/2024,Dangote Sulfate Resistant Cement,Ogun,Retail,6700.56,166,0.83,1103060.93,807346.82,295714.11,Cash,26.80850187,1,Jan,2024
12/9/2024,Dangote 3X Cement,Rivers,Wholesale,5657.5,78,0.05,441064.36,336220.93,104843.43,Paid,23.77055131,12,Dec,2024
4/15/2024,Dangote Sulfate Resistant Cement,Kano,Retail,6771.05,380,2.41,2510989.72,1901844.44,609145.28,Pending,24.2591706,4,Apr,2024
2/6/2024,Dangote Sulfate Resistant Cement,Kano,Retail,7040.58,45,0.39,315590.48,235769.3,79821.18,Paid,25.29264508,2,Feb,2024
2/24/2024,Dangote 42.5R Cement,Lagos,Wholesale,6226.47,111,2.11,676555.15,533888.34,142666.82,Cash,21.08724174,2,Feb,2024
11/11/2024,Dangote Sulfate Resistant Cement,Rivers,Retail,7317.44,385,2.28,2752981.91,2149886.12,603095.8,Paid,21.90700192,11,Nov,2024
8/26/2024,Dangote Premium Cement,Lagos,Online,6468.28,253,0.93,1621255.62,1239355.67,381899.96,Cash,23.5558141,8,Aug,2024
8/28/2024,Dangote Premium Cement,Ogun,Wholesale,6861.1,335,0.77,2280770.29,1679433.65,601336.64,Pending,26.36550654,8,Aug,2024
12/24/2024,Dangote Sulfate Resistant Cement,Rivers,Retail,6987.51,53,1.43,365042.2,268358.61,96683.59,Cash,26.48559262,12,Dec,2024
3/28/2024,Dangote Sulfate Resistant Cement,Rivers,Online,7074.68,280,0.31,1974769.58,1543786.56,430983.02,Paid,21.82447129,3,Mar,2024
6/15/2024,Dangote 3X Cement,Rivers,Online,5960.97,322,1.24,1895631.38,1444636.95,450994.43,Pending,23.79125155,6,Jun,2024
9/3/2024,Dangote 42.5R Cement,Lagos,Retail,6008.24,375,1.77,2213210.31,1722832.39,490377.91,Cash,22.15686,9,Sep,2024
10/17/2024,Dangote Sulfate Resistant Cement,Kano,Online,6736.15,359,2.01,2369670.47,1833974.95,535695.51,Cash,22.60632931,10,Oct,2024
2/28/2024,Dangote 42.5R Cement,Rivers,Online,5897.65,247,0.53,1448998.94,1152806.67,296192.27,Paid,20.4411654,2,Feb,2024
11/2/2024,Dangote 3X Cement,Kano,Retail,5827.41,350,1.98,1999209.55,1417546.13,581663.42,Pending,29.09466994,11,Nov,2024
10/24/2024,Dangote 3X Cement,Ogun,Online,5649.22,292,0.87,1635220.96,1245314.32,389906.64,Cash,23.84427851,10,Oct,2024
4/10/2024,Dangote Premium Cement,Rivers,Retail,6570.28,487,2.04,3134451.94,2482016.28,652435.66,Cash,20.81498369,4,Apr,2024
6/25/2024,Dangote 3X Cement,Kano,Wholesale,6111.49,281,1.21,1696549.01,1209224.76,487324.25,Credit,28.7244428,6,Jun,2024
2/1/2024,Dangote Sulfate Resistant Cement,Kano,Wholesale,6500.84,306,2.46,1940321.32,1427929.92,512391.39,Credit,26.40755347,2,Feb,2024
1/16/2024,Dangote Premium Cement,Abuja,Online,6590.16,340,0.95,2219368.18,1638512.84,580855.35,Cash,26.17210408,1,Jan,2024
8/10/2024,Dangote Premium Cement,Ogun,Retail,6139.07,304,1.15,1844815.09,1461920.41,382894.68,Cash,20.75517932,8,Aug,2024
3/19/2024,Dangote Sulfate Resistant Cement,Ogun,Wholesale,6511.6,351,0.05,2284428.81,1763884.98,520543.83,Cash,22.78660765,3,Mar,2024
12/2/2024,Dangote 42.5R Cement,Ogun,Wholesale,5937.22,432,1.25,2532818.05,1888476.4,644341.65,Cash,25.43971329,12,Dec,2024
11/15/2024,Dangote Premium Cement,Abuja,Online,6424.12,439,1.35,2782116.13,2046331.89,735784.24,Pending,26.44692765,11,Nov,2024
8/5/2024,Dangote 3X Cement,Kano,Retail,6346.8,141,2.14,875747.97,636603.13,239144.84,Credit,27.30749579,8,Aug,2024
1/18/2024,Dangote 3X Cement,Kano,Retail,6204.88,77,1.74,469462.46,373773.7,95688.76,Paid,20.38262229,1,Jan,2024
3/13/2024,Dangote Sulfate Resistant Cement,Abuja,Online,6578.23,475,1.83,3067477.99,2222458.75,845019.23,Paid,27.54768682,3,Mar,2024
12/16/2024,Dangote Sulfate Resistant Cement,Kano,Wholesale,7403.59,293,2.34,2118491.38,1582273.42,536217.96,Cash,25.31131186,12,Dec,2024
10/20/2024,Dangote Sulfate Resistant Cement,Abuja,Retail,7460.58,428,0.88,3165028.71,2268536.91,896491.8,Credit,28.32491842,10,Oct,2024
10/15/2024,Dangote Sulfate Resistant Cement,Lagos,Online,6973.16,106,1.72,726441.49,556186.85,170254.65,Credit,23.4368015,10,Oct,2024
11/15/2024,Dangote 3X Cement,Rivers,Retail,5582.51,278,0.23,1548368.32,1205213.18,343155.14,Credit,22.16237155,11,Nov,2024
3/8/2024,Dangote Sulfate Resistant Cement,Rivers,Retail,6514.2,77,1.81,492514.56,389585.49,102929.07,Pending,20.89868572,3,Mar,2024
12/3/2024,Dangote 42.5R Cement,Rivers,Wholesale,6061.25,378,0.71,2274885.32,1633551.74,641333.58,Paid,28.19190815,12,Dec,2024
6/24/2024,Dangote 3X Cement,Ogun,Online,6433.94,98,2.51,614699.91,476562.17,138137.74,Cash,22.47238657,6,Jun,2024
7/15/2024,Dangote Premium Cement,Abuja,Online,6637.57,127,1.73,828387.98,649608.03,178779.96,Paid,21.58166998,7,Jul,2024
11/24/2024,Dangote Sulfate Resistant Cement,Lagos,Wholesale,6667.6,224,1.43,1472184.74,1100644.51,371540.23,Pending,25.2373374,11,Nov,2024
7/13/2024,Dangote 42.5R Cement,Abuja,Retail,5945.15,465,1.3,2728556.32,1988788.01,739768.31,Cash,27.11207772,7,Jul,2024
7/14/2024,Dangote Sulfate Resistant Cement,Kano,Online,7455.87,69,2.75,500307.52,382106.07,118201.45,Cash,23.62575921,7,Jul,2024
11/8/2024,Dangote Sulfate Resistant Cement,Rivers,Retail,6767.09,70,0.77,470048.84,356493.35,113555.49,Cash,24.15823215,11,Nov,2024
12/11/2024,Dangote Premium Cement,Kano,Wholesale,6519.95,366,2.07,2336905.25,1677878.5,659026.76,Paid,28.20083356,12,Dec,2024
12/10/2024,Dangote 3X Cement,Lagos,Wholesale,5911.25,288,0.31,1697162.44,1263697.34,433465.1,Pending,25.54057819,12,Dec,2024
5/25/2024,Dangote Sulfate Resistant Cement,Ogun,Wholesale,6523.7,67,0.17,436344.85,331366.33,104978.52,Pending,24.05861327,5,May,2024
11/2/2024,Dangote 3X Cement,Lagos,Wholesale,6356.44,86,1.13,540476.65,419618.38,120858.27,Pending,22.36142301,11,Nov,2024
2/26/2024,Dangote Premium Cement,Rivers,Retail,6466.96,499,0.23,3219590.91,2399703.98,819886.93,Credit,25.46556233,2,Feb,2024
8/6/2024,Dangote Sulfate Resistant Cement,Rivers,Wholesale,7280.73,161,2.33,1144885.33,845245.83,299639.5,Credit,26.17200973,8,Aug,2024
1/31/2024,Dangote Sulfate Resistant Cement,Rivers,Wholesale,6940.57,271,2.94,1825596.17,1314551.4,511044.78,Cash,27.99330917,1,Jan,2024
4/1/2024,Dangote 42.5R Cement,Lagos,Wholesale,6340.63,240,0.66,1511707.64,1155449.27,356258.37,Cash,23.56661834,4,Apr,2024
5/12/2024,Dangote 3X Cement,Lagos,Wholesale,5570.41,392,0.75,2167223.71,1613689.22,553534.5,Cash,25.5411796,5,May,2024
3/17/2024,Dangote 3X Cement,Lagos,Online,5890.48,97,2.1,559377.65,442166.64,117211.01,Paid,20.95382431,3,Mar,2024
9/20/2024,Dangote 42.5R Cement,Abuja,Retail,6203.91,392,2.34,2375025.49,1849048,525977.49,Pending,22.14618294,9,Sep,2024
1/2/2024,Dangote 42.5R Cement,Abuja,Wholesale,6367.24,498,2.97,3076710.22,2256286.89,820423.33,Credit,26.66560291,1,Jan,2024
7/24/2024,Dangote 3X Cement,Lagos,Retail,6034.63,194,0.24,1167908.5,871217.62,296690.88,Credit,25.40360653,7,Jul,2024
11/27/2024,Dangote Premium Cement,Ogun,Online,6039.33,216,1.98,1278666.27,933281.93,345384.34,Cash,27.0112967,11,Nov,2024
2/24/2024,Dangote Sulfate Resistant Cement,Abuja,Wholesale,7385.21,244,2.21,1762167.23,1258177.35,503989.88,Pending,28.60057045,2,Feb,2024
1/13/2024,Dangote Premium Cement,Abuja,Retail,6062.99,296,1.93,1760008.39,1319950.7,440057.69,Cash,25.00315865,1,Jan,2024
1/9/2024,Dangote 3X Cement,Rivers,Wholesale,5837.72,389,0.13,2267920.94,1614348.56,653572.38,Cash,28.81812891,1,Jan,2024
12/13/2024,Dangote Premium Cement,Kano,Wholesale,6924.82,38,2.21,257327.7,192710,64617.69,Paid,25.11105101,12,Dec,2024
8/29/2024,Dangote 3X Cement,Ogun,Online,6148.79,27,0.52,165154.04,116432.9,48721.14,Credit,29.50042276,8,Aug,2024
2/19/2024,Dangote 42.5R Cement,Kano,Wholesale,6635.35,52,2.45,336584.76,239188.28,97396.48,Cash,28.93668745,2,Feb,2024
10/31/2024,Dangote Premium Cement,Lagos,Wholesale,6426.21,435,2.51,2725236.78,2108768.71,616468.07,Cash,22.62071591,10,Oct,2024
6/15/2024,Dangote 3X Cement,Kano,Online,5637.33,448,2.89,2452536.2,1769071.22,683464.98,Paid,27.86768163,6,Jun,2024
10/30/2024,Dangote Premium Cement,Rivers,Wholesale,6120.75,92,2.27,550326.43,394476.78,155849.65,Credit,28.31949212,10,Oct,2024
10/10/2024,Dangote Premium Cement,Abuja,Wholesale,6925.68,40,0.4,275919.09,214970.01,60949.08,Cash,22.08947558,10,Oct,2024
3/21/2024,Dangote 3X Cement,Abuja,Wholesale,5506.35,111,2.78,594213.36,457944.86,136268.5,Credit,22.93258772,3,Mar,2024
8/1/2024,Dangote 42.5R Cement,Ogun,Wholesale,5943.09,158,1.57,924265.79,685068.7,239197.09,Pending,25.87968662,8,Aug,2024
11/8/2024,Dangote 3X Cement,Kano,Wholesale,6217.2,333,2.85,2011323.26,1534074.8,477248.46,Credit,23.72808337,11,Nov,2024
6/27/2024,Dangote 42.5R Cement,Lagos,Online,6035.64,80,2.96,468558.8,373759.59,94799.22,Credit,20.23208613,6,Jun,2024
10/3/2024,Dangote Premium Cement,Abuja,Online,6659.33,161,0.16,1070436.69,761367.27,309069.42,Pending,28.87320875,10,Oct,2024
12/16/2024,Dangote 42.5R Cement,Abuja,Wholesale,5959.76,492,0.13,2928390.06,2238713.45,689676.61,Credit,23.55139158,12,Dec,2024
4/17/2024,Dangote 42.5R Cement,Rivers,Retail,6416.82,475,2.28,2978495.34,2097848.83,880646.51,Paid,29.56682517,4,Apr,2024
10/2/2024,Dangote Premium Cement,Ogun,Wholesale,6485.06,79,0.21,511243.87,369900.27,141343.6,Cash,27.64700142,10,Oct,2024
10/30/2024,Dangote Sulfate Resistant Cement,Abuja,Wholesale,7247.09,479,0.98,3437336.82,2673895.81,763441.01,Credit,22.21024735,10,Oct,2024
4/26/2024,Dangote 3X Cement,Ogun,Online,5912.6,122,1.13,713186.09,514967.62,198218.47,Cash,27.79337298,4,Apr,2024
10/26/2024,Dangote 42.5R Cement,Lagos,Retail,5944.94,495,1.83,2888893.06,2073664.99,815228.07,Credit,28.21939245,10,Oct,2024
3/10/2024,Dangote 42.5R Cement,Ogun,Online,6158.59,158,0.61,967121.57,689288.02,277833.55,Paid,28.72788268,3,Mar,2024
5/23/2024,Dangote Premium Cement,Lagos,Retail,6458.58,107,2.28,675311.71,487565.16,187746.54,Credit,27.80146371,5,May,2024
11/5/2024,Dangote Premium Cement,Kano,Wholesale,6578.12,303,2.57,1941945.88,1376154.96,565790.92,Cash,29.13525685,11,Nov,2024
4/20/2024,Dangote 42.5R Cement,Abuja,Retail,5814.5,239,2.21,1358953.89,984786.89,374167,Credit,27.53345811,4,Apr,2024
8/10/2024,Dangote Premium Cement,Kano,Wholesale,6913.75,479,0.02,3311023.91,2642258.02,668765.89,Paid,20.19815949,8,Aug,2024
8/28/2024,Dangote 3X Cement,Abuja,Online,5894.32,434,2.39,2496995.46,1952972.89,544022.57,Cash,21.78708687,8,Aug,2024
9/10/2024,Dangote Premium Cement,Lagos,Online,6753.08,374,2.2,2470087.58,1963703.3,506384.28,Pending,20.50066095,9,Sep,2024
7/2/2024,Dangote Sulfate Resistant Cement,Ogun,Online,7498.95,28,1.44,206947.02,151171.42,55775.6,Cash,26.95163235,7,Jul,2024
10/19/2024,Dangote 3X Cement,Abuja,Retail,6271.84,467,2.11,2867148.45,2060030.6,807117.85,Credit,28.15054275,10,Oct,2024
11/16/2024,Dangote 42.5R Cement,Lagos,Online,5870.7,477,2.07,2742357.2,2065247.35,677109.84,Credit,24.69079666,11,Nov,2024
8/6/2024,Dangote Sulfate Resistant Cement,Kano,Online,7075.23,126,2.36,870440.08,616355.05,254085.02,Credit,29.19040906,8,Aug,2024
1/29/2024,Dangote Sulfate Resistant Cement,Lagos,Wholesale,6882.95,258,1.86,1742771.2,1283650.53,459120.67,Pending,26.34428834,1,Jan,2024
11/27/2024,Dangote 3X Cement,Kano,Online,6273.58,90,2.94,548022.31,396693.22,151329.09,Paid,27.61367325,11,Nov,2024
11/28/2024,Dangote 42.5R Cement,Kano,Online,6009.79,401,2.28,2354979.48,1723954.21,631025.27,Credit,26.79536172,11,Nov,2024
9/14/2024,Dangote 42.5R Cement,Rivers,Wholesale,5863.37,196,1.36,1133591.12,850357.72,283233.4,Paid,24.98549918,9,Sep,2024
8/28/2024,Dangote Sulfate Resistant Cement,Abuja,Online,6868.15,364,2.84,2429006.41,1896761.53,532244.89,Paid,21.91204139,8,Aug,2024
4/6/2024,Dangote 42.5R Cement,Lagos,Wholesale,6190.68,111,0.87,681187.14,541995.19,139191.95,Paid,20.43373132,4,Apr,2024
3/25/2024,Dangote Sulfate Resistant Cement,Lagos,Online,6647.95,97,2.62,627956.05,472266.13,155689.92,Paid,24.79312366,3,Mar,2024
5/30/2024,Dangote 42.5R Cement,Kano,Wholesale,6273.9,235,1.33,1454757.43,1112116.15,342641.28,Credit,23.55315553,5,May,2024
4/6/2024,Dangote 3X Cement,Lagos,Wholesale,6334.95,286,1.93,1776828.04,1316930.17,459897.87,Credit,25.88308264,4,Apr,2024
12/1/2024,Dangote Sulfate Resistant Cement,Abuja,Online,7165.86,291,2.53,2032508.05,1513254.34,519253.71,Credit,25.54743682,12,Dec,2024
10/17/2024,Dangote Premium Cement,Rivers,Wholesale,6789.27,136,1.45,909952.28,725297.85,184654.43,Paid,20.29275975,10,Oct,2024
3/16/2024,Dangote Sulfate Resistant Cement,Rivers,Retail,7456.21,336,2.77,2435890.12,1878512.71,557377.41,Credit,22.88187819,3,Mar,2024
4/3/2024,Dangote Premium Cement,Ogun,Wholesale,6237.91,41,2.98,248132.83,187948.84,60183.99,Cash,24.25474694,4,Apr,2024
5/13/2024,Dangote Sulfate Resistant Cement,Ogun,Wholesale,7062.49,37,2,256085.89,204305.9,51779.99,Pending,20.2197747,5,May,2024
7/9/2024,Dangote 42.5R Cement,Kano,Wholesale,6333.64,82,2.76,505024.19,373948.31,131075.88,Cash,25.95437656,7,Jul,2024
3/15/2024,Dangote 42.5R Cement,Rivers,Wholesale,5804.29,398,1.64,2272221.66,1705849.74,566371.92,Credit,24.92590974,3,Mar,2024
8/30/2024,Dangote Sulfate Resistant Cement,Kano,Online,6647.08,309,2.19,2008966.26,1591561.76,417404.51,Credit,20.77707915,8,Aug,2024
12/18/2024,Dangote 3X Cement,Abuja,Wholesale,5639.42,302,0.35,1697143.97,1192208.95,504935.02,Pending,29.75204396,12,Dec,2024
8/16/2024,Dangote Sulfate Resistant Cement,Lagos,Retail,6555.03,348,0.59,2267691.65,1706763.12,560928.53,Credit,24.73566148,8,Aug,2024
4/10/2024,Dangote 3X Cement,Lagos,Online,6349.45,366,2.01,2277188.34,1613929.21,663259.13,Cash,29.12623073,4,Apr,2024
4/9/2024,Dangote 42.5R Cement,Rivers,Online,6405.08,48,2.73,299050.62,220133.1,78917.52,Pending,26.38935174,4,Apr,2024
8/6/2024,Dangote Sulfate Resistant Cement,Abuja,Retail,6512.19,196,1.05,1262987.15,1007550.99,255436.17,Paid,20.22476397,8,Aug,2024
4/20/2024,Dangote 42.5R Cement,Abuja,Retail,6088.63,432,2.18,2572947.88,2032043.12,540904.76,Cash,21.02276397,4,Apr,2024
3/12/2024,Dangote 3X Cement,Ogun,Wholesale,5803.23,464,1.58,2650154.08,1943998.46,706155.62,Cash,26.64583261,3,Mar,2024
2/15/2024,Dangote 3X Cement,Abuja,Online,6414.41,232,0.52,1480404.78,1104695.8,375708.97,Pending,25.37880011,2,Feb,2024
4/12/2024,Dangote Premium Cement,Abuja,Retail,6553.87,41,2.47,262071.57,191364.47,70707.09,Credit,26.98006884,4,Apr,2024
9/9/2024,Dangote 42.5R Cement,Ogun,Wholesale,6591.22,98,0.79,640836.64,509851.33,130985.3,Cash,20.43973328,9,Sep,2024
3/4/2024,Dangote Sulfate Resistant Cement,Abuja,Wholesale,6991.89,372,1.93,2550784.11,1792803.96,757980.14,Credit,29.71557401,3,Mar,2024
9/9/2024,Dangote 3X Cement,Kano,Online,5861.76,266,1.7,1532721.28,1205998.12,326723.16,Cash,21.316541,9,Sep,2024
12/21/2024,Dangote 3X Cement,Rivers,Online,6232.96,28,2.54,170090,121832.87,48257.13,Paid,28.37152684,12,Dec,2024
3/15/2024,Dangote Sulfate Resistant Cement,Abuja,Online,6635.5,103,0.16,682362.97,502298.54,180064.43,Credit,26.38836483,3,Mar,2024
1/25/2024,Dangote Sulfate Resistant Cement,Rivers,Online,7138.95,59,1.54,414711.6,322083.38,92628.22,Pending,22.33557489,1,Jan,2024
2/18/2024,Dangote Premium Cement,Kano,Retail,6872.44,443,2.53,2967465.3,2314586.5,652878.8,Credit,22.00122778,2,Feb,2024
12/16/2024,Dangote Sulfate Resistant Cement,Lagos,Online,7080.05,441,0.43,3108876.15,2218789.19,890086.96,Credit,28.63050559,12,Dec,2024
7/9/2024,Dangote 42.5R Cement,Abuja,Retail,6720.91,103,0.31,690107.74,493741.37,196366.37,Pending,28.45445118,7,Jul,2024
4/6/2024,Dangote 3X Cement,Abuja,Retail,6416.03,79,2.46,494397.46,391731.36,102666.09,Cash,20.76590159,4,Apr,2024
6/27/2024,Dangote Sulfate Resistant Cement,Rivers,Wholesale,7317.04,475,2.96,3372716.42,2537335.41,835381.01,Credit,24.76878889,6,Jun,2024
3/29/2024,Dangote Sulfate Resistant Cement,Lagos,Online,7314.57,133,0.39,969043.74,745605.92,223437.82,Pending,23.05755775,3,Mar,2024
6/6/2024,Dangote Premium Cement,Ogun,Wholesale,6981.11,237,2.07,1620274.44,1261226.44,359048,Paid,22.15970277,6,Jun,2024
1/10/2024,Dangote 42.5R Cement,Abuja,Wholesale,5996.35,36,2.38,210730.93,158332.24,52398.68,Paid,24.86520607,1,Jan,2024
8/28/2024,Dangote 3X Cement,Rivers,Wholesale,5566.25,361,0.03,2008813.43,1425555.17,583258.26,Paid,29.03496419,8,Aug,2024
11/4/2024,Dangote Premium Cement,Kano,Wholesale,6184.78,199,0.09,1229663.53,878663.08,351000.45,Credit,28.54443036,11,Nov,2024
10/23/2024,Dangote Sulfate Resistant Cement,Rivers,Wholesale,7355.14,419,2.19,3014312.16,2182911.37,831400.79,Paid,27.58177474,10,Oct,2024
2/20/2024,Dangote 3X Cement,Kano,Wholesale,6215.81,164,0.52,1014092,786328.75,227763.25,Paid,22.4598212,2,Feb,2024
2/20/2024,Dangote Premium Cement,Kano,Online,6474.72,377,1.77,2397764.28,1783856.5,613907.78,Paid,25.60334163,2,Feb,2024
4/2/2024,Dangote Sulfate Resistant Cement,Abuja,Retail,6714.27,136,1.22,902000.4,700079.45,201920.96,Credit,22.38590582,4,Apr,2024
3/4/2024,Dangote 42.5R Cement,Lagos,Online,5935.91,410,1.08,2407438.89,1754606.77,652832.12,Paid,27.11728728,3,Mar,2024
2/12/2024,Dangote Sulfate Resistant Cement,Abuja,Wholesale,6884.78,253,1.8,1710496.05,1250715.9,459780.16,Cash,26.87993112,2,Feb,2024
4/25/2024,Dangote 42.5R Cement,Rivers,Retail,5988.78,55,2.68,320555.44,250111.34,70444.1,Credit,21.97563704,4,Apr,2024
4/1/2024,Dangote 3X Cement,Abuja,Online,5605.17,244,1.57,1346189.19,1033404.65,312784.55,Paid,23.23481367,4,Apr,2024
3/14/2024,Dangote 42.5R Cement,Abuja,Online,6390.56,72,2.22,449905.65,355084.78,94820.87,Pending,21.07572332,3,Mar,2024
2/3/2024,Dangote Sulfate Resistant Cement,Ogun,Retail,6700.26,452,2.97,2938570.55,2093073.91,845496.64,Cash,28.77237846,2,Feb,2024
9/12/2024,Dangote Sulfate Resistant Cement,Kano,Online,6772.97,424,2.4,2802817.54,2226341.05,576476.49,Credit,20.56774948,9,Sep,2024
8/31/2024,Dangote 42.5R Cement,Abuja,Online,6078.89,413,1.36,2476437.66,1763765.97,712671.69,Cash,28.77809934,8,Aug,2024
9/11/2024,Dangote Premium Cement,Ogun,Wholesale,6099.6,47,2.49,279542.84,209604.99,69937.85,Paid,25.01865188,9,Sep,2024
4/1/2024,Dangote 42.5R Cement,Kano,Online,6126.96,175,1.87,1052167.52,746653.18,305514.35,Paid,29.03666424,4,Apr,2024
12/4/2024,Dangote 42.5R Cement,Abuja,Wholesale,6093.56,274,1.47,1645091.8,1194610.6,450481.2,Credit,27.38334724,12,Dec,2024
10/3/2024,Dangote 3X Cement,Lagos,Retail,6380.13,80,1.15,504540.68,369049.27,135491.41,Cash,26.85440746,10,Oct,2024
8/14/2024,Dangote 42.5R Cement,Lagos,Wholesale,5976.87,357,2.58,2078692.03,1518078.06,560613.98,Pending,26.9695545,8,Aug,2024
9/8/2024,Dangote 42.5R Cement,Ogun,Retail,6515.72,269,2.29,1712591.19,1296235.48,416355.71,Cash,24.31144761,9,Sep,2024
12/3/2024,Dangote 42.5R Cement,Abuja,Online,6654.35,279,0.17,1853407.49,1346202.33,507205.17,Cash,27.36609044,12,Dec,2024
11/11/2024,Dangote Sulfate Resistant Cement,Rivers,Retail,6561.42,322,0.14,2109819.35,1653451.53,456367.82,Credit,21.63065857,11,Nov,2024
10/25/2024,Dangote 3X Cement,Rivers,Retail,5597.35,196,2.98,1064387.6,788916.59,275471,Paid,25.88070361,10,Oct,2024
12/4/2024,Dangote Premium Cement,Ogun,Wholesale,6648.08,323,0.25,2141961.52,1646738.14,495223.37,Credit,23.12008714,12,Dec,2024
2/28/2024,Dangote Sulfate Resistant Cement,Ogun,Wholesale,7038.42,39,1.38,270710.3,212869.49,57840.82,Cash,21.36631669,2,Feb,2024
5/16/2024,Dangote 3X Cement,Abuja,Online,5522.24,182,1.13,993690.64,734367.27,259323.37,Paid,26.09699232,5,May,2024
9/7/2024,Dangote 3X Cement,Ogun,Retail,5996.73,435,2.29,2548841.12,1870731.99,678109.13,Credit,26.6046057,9,Sep,2024
7/5/2024,Dangote 42.5R Cement,Ogun,Retail,6435.44,423,0.23,2715930.08,2132095.91,583834.17,Pending,21.49665687,7,Jul,2024
5/27/2024,Dangote Sulfate Resistant Cement,Lagos,Retail,7496.23,225,2.41,1646003.44,1255007.22,390996.22,Paid,23.75427721,5,May,2024
10/23/2024,Dangote 3X Cement,Kano,Retail,5773.36,310,2.4,1746787.8,1305770.76,441017.04,Pending,25.24731625,10,Oct,2024
6/26/2024,Dangote 3X Cement,Rivers,Online,6304.13,241,1.99,1489061.35,1089003.13,400058.23,Cash,26.86647061,6,Jun,2024
7/24/2024,Dangote Sulfate Resistant Cement,Kano,Online,6953.23,410,1.64,2804070.78,2209859.18,594211.6,Pending,21.19103427,7,Jul,2024
10/22/2024,Dangote 42.5R Cement,Ogun,Online,6762.12,400,2.81,2628841.77,1910625.36,718216.41,Cash,27.32064053,10,Oct,2024
10/16/2024,Dangote 3X Cement,Kano,Wholesale,5864.27,95,0.72,553094.49,428450.97,124643.52,Credit,22.53566475,10,Oct,2024
8/10/2024,Dangote 42.5R Cement,Rivers,Wholesale,6433.93,453,1.24,2878429.62,2252000.06,626429.56,Pending,21.76289306,8,Aug,2024
5/11/2024,Dangote Premium Cement,Abuja,Wholesale,6113.56,118,0.08,720822.96,562028.89,158794.07,Credit,22.02955217,5,May,2024
8/25/2024,Dangote 42.5R Cement,Kano,Retail,6222.02,483,0.11,3001929.9,2149189.23,852740.67,Pending,28.40641515,8,Aug,2024
1/15/2024,Dangote Sulfate Resistant Cement,Rivers,Online,7050.71,349,2.56,2397703.93,1909480.31,488223.62,Cash,20.3621312,1,Jan,2024
1/11/2024,Dangote 3X Cement,Lagos,Retail,6101.6,463,0.19,2819673.22,2243075,576598.23,Credit,20.44911538,1,Jan,2024
12/9/2024,Dangote 3X Cement,Abuja,Online,6342.75,140,0.34,884965.85,684475.1,200490.75,Paid,22.65519624,12,Dec,2024
9/24/2024,Dangote Sulfate Resistant Cement,Abuja,Wholesale,6738.08,82,2.32,539704.04,394707.71,144996.33,Cash,26.86589672,9,Sep,2024
4/30/2024,Dangote 42.5R Cement,Ogun,Wholesale,5906.81,129,2.91,739804.92,550376.05,189428.87,Credit,25.60524604,4,Apr,2024
10/28/2024,Dangote 3X Cement,Abuja,Online,5874.7,77,0.95,448054.56,332625.9,115428.65,Pending,25.76218619,10,Oct,2024
5/22/2024,Dangote Premium Cement,Rivers,Retail,6715.67,440,0.92,2927709.77,2238350.52,689359.25,Paid,23.54602417,5,May,2024
12/5/2024,Dangote 3X Cement,Ogun,Retail,6052.73,178,1.92,1056700.13,813724.28,242975.85,Paid,22.99383175,12,Dec,2024
9/30/2024,Dangote Premium Cement,Abuja,Retail,6007.87,221,2.78,1290828.12,1022068.24,268759.88,Credit,20.82073328,9,Sep,2024
2/16/2024,Dangote Premium Cement,Rivers,Wholesale,6859.42,102,2.75,680420.17,519252.63,161167.54,Cash,23.68647302,2,Feb,2024
1/18/2024,Dangote Sulfate Resistant Cement,Lagos,Retail,6971.09,231,2.78,1565554.84,1147977.88,417576.97,Cash,26.6727782,1,Jan,2024
2/21/2024,Dangote Premium Cement,Rivers,Online,6066.37,235,1.81,1399793.65,1093718.69,306074.95,Credit,21.86571928,2,Feb,2024
8/20/2024,Dangote 3X Cement,Lagos,Online,6141.59,342,1.33,2072488.14,1583608.67,488879.48,Paid,23.58901219,8,Aug,2024
7/24/2024,Dangote Premium Cement,Rivers,Retail,6575.81,76,0.47,497412.68,373873.57,123539.11,Pending,24.83634112,7,Jul,2024
10/31/2024,Dangote 42.5R Cement,Rivers,Retail,6278.37,396,0.4,2476289.58,1776361.14,699928.44,Credit,28.2652096,10,Oct,2024
5/24/2024,Dangote Premium Cement,Lagos,Retail,6367.6,221,2.63,1370229.2,1088613.82,281615.38,Pending,20.55242875,5,May,2024
1/11/2024,Dangote 3X Cement,Kano,Online,6112,137,2.72,814568.24,649547.11,165021.13,Pending,20.25872381,1,Jan,2024
5/14/2024,Dangote Premium Cement,Lagos,Retail,6618,327,0.78,2147206.13,1522167.58,625038.55,Credit,29.10938737,5,May,2024
3/28/2024,Dangote 3X Cement,Lagos,Online,6025.84,415,2.76,2431703.63,1812520.85,619182.78,Cash,25.46292124,3,Mar,2024
3/1/2024,Dangote Premium Cement,Ogun,Wholesale,6946.05,436,2.35,2957308.57,2155275.24,802033.33,Cash,27.12038027,3,Mar,2024
7/14/2024,Dangote Premium Cement,Abuja,Wholesale,6600.08,441,0.85,2885894.88,2215555.94,670338.94,Cash,23.22811356,7,Jul,2024
4/2/2024,Dangote 42.5R Cement,Ogun,Wholesale,6090.19,154,0.71,931230.25,693857.49,237372.76,Pending,25.49023295,4,Apr,2024
7/8/2024,Dangote 42.5R Cement,Lagos,Wholesale,6268.88,466,0.97,2892961.49,2225562.09,667399.4,Pending,23.0697644,7,Jul,2024
12/31/2024,Dangote 42.5R Cement,Abuja,Online,6397.2,57,0.29,363582.94,256644.19,106938.75,Credit,29.41247738,12,Dec,2024
4/30/2024,Dangote 42.5R Cement,Rivers,Online,6739.32,430,1.79,2846035.05,2205176.79,640858.27,Paid,22.51758178,4,Apr,2024
1/3/2024,Dangote Sulfate Resistant Cement,Kano,Online,6880.94,222,2.01,1496864.55,1067599.46,429265.09,Paid,28.67761749,1,Jan,2024
10/24/2024,Dangote Premium Cement,Rivers,Wholesale,6503.75,496,1.02,3192956.23,2384526.81,808429.42,Paid,25.31915134,10,Oct,2024
6/11/2024,Dangote 42.5R Cement,Ogun,Retail,5916.84,42,2.94,241201.17,180881.83,60319.33,Credit,25.00789279,6,Jun,2024
7/3/2024,Dangote 42.5R Cement,Rivers,Retail,6412.93,409,2.78,2549972.07,1916807.04,633165.03,Cash,24.83027314,7,Jul,2024
3/25/2024,Dangote Sulfate Resistant Cement,Abuja,Wholesale,7055.67,492,1.97,3403003.26,2653736.87,749266.39,Paid,22.01779818,3,Mar,2024
4/6/2024,Dangote Premium Cement,Lagos,Wholesale,6183.14,260,0.78,1595076.99,1229160.41,365916.59,Cash,22.94037167,4,Apr,2024
2/29/2024,Dangote 42.5R Cement,Lagos,Retail,6156.52,383,1.68,2318333.65,1728957.53,589376.12,Paid,25.42240285,2,Feb,2024
3/16/2024,Dangote 3X Cement,Rivers,Wholesale,5703.73,165,0.54,936033.43,670976.37,265057.05,Credit,28.31704953,3,Mar,2024
10/15/2024,Dangote Premium Cement,Kano,Wholesale,6526.02,312,0.54,2025123.2,1603981.25,421141.95,Pending,20.79586812,10,Oct,2024
9/12/2024,Dangote 3X Cement,Rivers,Wholesale,5784.28,368,0.37,2120739.16,1563739.39,556999.78,Paid,26.26441717,9,Sep,2024
6/14/2024,Dangote Premium Cement,Lagos,Wholesale,6460.23,382,1.98,2418945.26,1803095.23,615850.04,Credit,25.45944508,6,Jun,2024
10/31/2024,Dangote 3X Cement,Rivers,Wholesale,6156.17,251,0.97,1530210.24,1183088.97,347121.27,Pending,22.68454758,10,Oct,2024
4/18/2024,Dangote 3X Cement,Rivers,Retail,6298.15,400,0.21,2513969.55,1999083.5,514886.06,Cash,20.48099827,4,Apr,2024
2/17/2024,Dangote 42.5R Cement,Rivers,Wholesale,6040.08,414,2.6,2435577.7,1726626.89,708950.8,Pending,29.10811673,2,Feb,2024
3/24/2024,Dangote 42.5R Cement,Abuja,Retail,6447.17,354,0.46,2271799.61,1658083.54,613716.06,Cash,27.01453321,3,Mar,2024
6/7/2024,Dangote Premium Cement,Rivers,Online,6096.11,208,1.54,1248463.82,935052.34,313411.48,Cash,25.10376953,6,Jun,2024
8/31/2024,Dangote Sulfate Resistant Cement,Kano,Online,6923.07,407,1.27,2781904.83,2049773.14,732131.69,Pending,26.3176397,8,Aug,2024
8/10/2024,Dangote 42.5R Cement,Lagos,Wholesale,6313.34,257,2.03,1589591.05,1215657.34,373933.71,Pending,23.52389377,8,Aug,2024
9/10/2024,Dangote 3X Cement,Rivers,Retail,5937.36,484,2.4,2804713.87,2047551.42,757162.45,Pending,26.99606752,9,Sep,2024
12/16/2024,Dangote Sulfate Resistant Cement,Ogun,Online,6927.73,311,0.14,2151507.7,1522521.42,628986.28,Paid,29.23467483,12,Dec,2024
9/19/2024,Dangote 3X Cement,Kano,Retail,5913.02,257,1.98,1489557.15,1127368.08,362189.07,Credit,24.31521812,9,Sep,2024
6/30/2024,Dangote Sulfate Resistant Cement,Kano,Wholesale,7268.65,28,0.34,202830.22,155399.97,47430.26,Pending,23.3842176,6,Jun,2024
4/3/2024,Dangote 42.5R Cement,Lagos,Wholesale,6216.25,380,0.89,2341151.64,1776280.54,564871.1,Cash,24.12791595,4,Apr,2024
12/9/2024,Dangote 42.5R Cement,Kano,Retail,6141.33,490,2.61,2930710.23,2106357.63,824352.6,Pending,28.1280828,12,Dec,2024
2/10/2024,Dangote Sulfate Resistant Cement,Lagos,Retail,7034.38,22,1.18,152930.23,107254.63,45675.6,Cash,29.86695305,2,Feb,2024
8/23/2024,Dangote 42.5R Cement,Kano,Online,6286.72,336,2.44,2060796.87,1569656.39,491140.48,Cash,23.83255173,8,Aug,2024
6/3/2024,Dangote 3X Cement,Ogun,Wholesale,5513.88,77,2.45,414166.83,318744.13,95422.69,Pending,23.03967462,6,Jun,2024
1/14/2024,Dangote Premium Cement,Abuja,Online,6145.15,143,1.31,867244.74,661365.97,205878.77,Pending,23.73940832,1,Jan,2024
2/14/2024,Dangote Sulfate Resistant Cement,Abuja,Wholesale,6973.99,31,0.35,215437.01,170247.27,45189.74,Cash,20.97584811,2,Feb,2024
9/5/2024,Dangote 42.5R Cement,Lagos,Retail,6385.23,123,0.88,778471.92,609500.75,168971.16,Cash,21.70549196,9,Sep,2024
1/27/2024,Dangote Sulfate Resistant Cement,Lagos,Wholesale,7130.41,385,1.3,2709520.15,2009295.04,700225.11,Cash,25.8431409,1,Jan,2024
10/23/2024,Dangote Sulfate Resistant Cement,Lagos,Retail,6899.68,282,1.77,1911270.7,1454762.79,456507.91,Cash,23.88504726,10,Oct,2024
4/28/2024,Dangote 3X Cement,Kano,Wholesale,5922,181,1.66,1054088.76,766095.78,287992.98,Cash,27.32151133,4,Apr,2024
8/30/2024,Dangote 3X Cement,Abuja,Online,6438.96,197,1.34,1251477.55,930627.49,320850.06,Pending,25.63770001,8,Aug,2024
5/27/2024,Dangote Premium Cement,Abuja,Retail,6438.11,279,0.66,1784377.55,1411276.73,373100.83,Credit,20.9092986,5,May,2024
11/4/2024,Dangote 42.5R Cement,Ogun,Retail,6523,219,2.88,1387395.13,1086757.81,300637.32,Credit,21.6691924,11,Nov,2024
8/29/2024,Dangote Premium Cement,Kano,Wholesale,6282.46,403,0.26,2525248.62,1889615.7,635632.91,Pending,25.17110216,8,Aug,2024
4/12/2024,Dangote Premium Cement,Kano,Retail,6100.9,232,2.83,1375352.73,1030651.53,344701.21,Pending,25.06274954,4,Apr,2024
4/17/2024,Dangote 3X Cement,Lagos,Retail,6380.91,202,2.03,1262778.26,906007.39,356770.87,Paid,28.25285177,4,Apr,2024
2/2/2024,Dangote Sulfate Resistant Cement,Abuja,Wholesale,7117.56,81,1.69,566779.13,424311.56,142467.57,Credit,25.1363472,2,Feb,2024
6/30/2024,Dangote 3X Cement,Kano,Retail,6396.32,456,2.07,2856345.78,2146654.52,709691.26,Paid,24.8461256,6,Jun,2024
12/27/2024,Dangote 3X Cement,Abuja,Retail,6462.65,406,0.33,2615177.24,1858316.67,756860.57,Paid,28.94108126,12,Dec,2024
10/14/2024,Dangote 3X Cement,Kano,Wholesale,5667.05,80,2.61,441531.2,349294.7,92236.5,Pending,20.89014321,10,Oct,2024
5/29/2024,Dangote 42.5R Cement,Kano,Retail,6532.55,70,0.46,455175.02,335178.91,119996.11,Pending,26.3626308,5,May,2024
3/3/2024,Dangote Premium Cement,Abuja,Retail,6769.22,23,0.74,154539.94,120682.48,33857.46,Credit,21.90854998,3,Mar,2024
5/26/2024,Dangote Premium Cement,Lagos,Retail,6372.44,406,1.25,2554870.51,1949223.23,605647.28,Pending,23.70559594,5,May,2024
3/18/2024,Dangote 42.5R Cement,Ogun,Wholesale,6601.77,231,2.75,1483071.13,1171339.25,311731.87,Credit,21.0193472,3,Mar,2024
1/16/2024,Dangote 42.5R Cement,Ogun,Wholesale,6517.63,284,2.83,1798623.42,1274284.81,524338.62,Credit,29.15221798,1,Jan,2024
7/24/2024,Dangote Premium Cement,Abuja,Wholesale,6393.27,38,1.98,238133.96,181969.25,56164.71,Paid,23.58534247,7,Jul,2024
11/19/2024,Dangote Sulfate Resistant Cement,Abuja,Retail,7385.78,378,1.66,2745480.55,2005387.68,740092.87,Credit,26.95676974,11,Nov,2024
6/25/2024,Dangote 3X Cement,Rivers,Online,6110.4,95,2.1,568297.75,423165.25,145132.5,Pending,25.5381092,6,Jun,2024
10/5/2024,Dangote 42.5R Cement,Rivers,Online,6204.51,121,2.64,730926.02,517808.53,213117.49,Credit,29.15719022,10,Oct,2024
7/18/2024,Dangote Premium Cement,Kano,Online,6283.93,67,1.54,414539.55,303121.78,111417.77,Credit,26.87747647,7,Jul,2024
11/21/2024,Dangote Premium Cement,Lagos,Wholesale,6890.32,296,1.78,2003231,1450607.63,552623.37,Credit,27.58660234,11,Nov,2024
8/4/2024,Dangote 3X Cement,Lagos,Retail,5759.76,279,1.06,1589939.13,1120546.62,469392.5,Paid,29.5226711,8,Aug,2024
8/17/2024,Dangote Sulfate Resistant Cement,Kano,Online,6505.21,193,2.95,1218468.12,951061.59,267406.53,Pending,21.94612445,8,Aug,2024
6/28/2024,Dangote Sulfate Resistant Cement,Rivers,Online,7284.79,386,1.72,2763563.76,1973176.65,790387.11,Cash,28.60028495,6,Jun,2024
9/23/2024,Dangote Premium Cement,Lagos,Retail,6516.45,118,2.47,749948.25,552056.97,197891.28,Paid,26.38732473,9,Sep,2024
3/16/2024,Dangote 42.5R Cement,Abuja,Wholesale,5892.25,237,2.67,1359177.68,1016155.63,343022.05,Cash,25.23746932,3,Mar,2024
2/9/2024,Dangote Sulfate Resistant Cement,Kano,Retail,7088.24,285,2.34,1972876.93,1553051.64,419825.29,Cash,21.27985196,2,Feb,2024
11/21/2024,Dangote 42.5R Cement,Abuja,Online,6731.04,270,2.2,1777398.42,1318282.61,459115.81,Pending,25.83077631,11,Nov,2024
3/14/2024,Dangote Premium Cement,Abuja,Online,6457.71,380,1.54,2416139.28,1819145.36,596993.92,Pending,24.70858882,3,Mar,2024
8/21/2024,Dangote 42.5R Cement,Lagos,Online,5956.84,306,1.11,1802560.04,1433363.61,369196.43,Cash,20.48178268,8,Aug,2024
2/26/2024,Dangote 3X Cement,Rivers,Online,5789.59,287,0.46,1653968.91,1219217.78,434751.13,Credit,26.28532661,2,Feb,2024
6/4/2024,Dangote Sulfate Resistant Cement,Abuja,Wholesale,7291.2,92,2.35,655026.83,486144.99,168881.83,Credit,25.7824294,6,Jun,2024
5/25/2024,Dangote Premium Cement,Ogun,Online,6488.79,82,1.64,523354.66,369884.28,153470.37,Paid,29.32435339,5,May,2024
8/1/2024,Dangote 42.5R Cement,Kano,Retail,6365.76,480,1.01,3024703.6,2231416.29,793287.31,Pending,26.22694369,8,Aug,2024
3/11/2024,Dangote 42.5R Cement,Abuja,Online,6249.07,463,2.18,2830245.05,2006449.86,823795.19,Cash,29.10685031,3,Mar,2024
7/17/2024,Dangote Premium Cement,Abuja,Retail,6540.99,363,2.67,2310983.44,1787756.64,523226.8,Paid,22.64087189,7,Jul,2024
3/25/2024,Dangote 3X Cement,Kano,Online,6296.16,382,0.93,2382765.38,1821662.18,561103.2,Paid,23.54840324,3,Mar,2024
4/8/2024,Dangote 3X Cement,Kano,Online,5689.4,263,1.51,1473717.89,1034353.08,439364.81,Pending,29.81335933,4,Apr,2024
1/10/2024,Dangote Sulfate Resistant Cement,Ogun,Wholesale,7329.69,449,2.66,3203489.39,2384751.01,818738.38,Credit,25.55770537,1,Jan,2024
7/24/2024,Dangote 3X Cement,Abuja,Wholesale,5839.96,112,1.24,645964.98,507705.77,138259.22,Credit,21.40351633,7,Jul,2024
7/14/2024,Dangote Sulfate Resistant Cement,Lagos,Wholesale,7479.79,297,0.5,2210390.14,1579110.29,631279.85,Credit,28.55965735,7,Jul,2024
2/15/2024,Dangote Premium Cement,Rivers,Retail,6678.61,50,1.84,327786.18,240112.9,87673.27,Paid,26.74709166,2,Feb,2024
12/31/2024,Dangote 3X Cement,Rivers,Retail,5598.74,92,1.24,508697.04,372580.79,136116.25,Cash,26.7578223,12,Dec,2024
3/2/2024,Dangote 3X Cement,Ogun,Wholesale,6252.13,320,0.71,1986476.76,1491570.17,494906.59,Cash,24.91378706,3,Mar,2024
2/28/2024,Dangote Sulfate Resistant Cement,Lagos,Retail,6964.82,228,0.2,1584803,1113943.2,470859.8,Pending,29.71093568,2,Feb,2024
1/10/2024,Dangote Sulfate Resistant Cement,Kano,Online,7175.1,146,2.29,1023575.37,783193.91,240381.46,Pending,23.48449045,1,Jan,2024
6/4/2024,Dangote 42.5R Cement,Abuja,Wholesale,6646.28,276,0.61,1823183.6,1452696.56,370487.04,Credit,20.32088485,6,Jun,2024
10/3/2024,Dangote Premium Cement,Ogun,Online,6952.61,486,1.67,3322539.69,2339663.37,982876.32,Cash,29.58207912,10,Oct,2024
11/13/2024,Dangote Sulfate Resistant Cement,Ogun,Wholesale,6560.18,491,1.45,3174343.18,2411823.97,762519.21,Cash,24.02132242,11,Nov,2024
6/28/2024,Dangote Premium Cement,Kano,Online,6281.31,102,2.22,626470.22,473804.54,152665.68,Credit,24.3691839,6,Jun,2024
2/15/2024,Dangote 42.5R Cement,Lagos,Wholesale,6525.07,163,2.63,1035614.09,746765.8,288848.28,Credit,27.89149769,2,Feb,2024
12/15/2024,Dangote Sulfate Resistant Cement,Rivers,Online,6952.72,145,1.99,988082.33,723438.14,264644.19,Pending,26.78361731,12,Dec,2024
8/23/2024,Dangote Sulfate Resistant Cement,Lagos,Online,6633.73,492,0.01,3263468.78,2439941.88,823526.9,Paid,25.23471053,8,Aug,2024
12/10/2024,Dangote Premium Cement,Abuja,Online,6895.27,380,1.47,2581685.62,1908586.24,673099.38,Paid,26.07208929,12,Dec,2024
11/28/2024,Dangote 3X Cement,Kano,Wholesale,6392.57,437,2.01,2737402.67,2100202.65,637200.03,Credit,23.27754104,11,Nov,2024
7/11/2024,Dangote Sulfate Resistant Cement,Abuja,Wholesale,7339.15,435,2.09,3125806.37,2190699.94,935106.43,Cash,29.91568636,7,Jul,2024
7/8/2024,Dangote Premium Cement,Abuja,Wholesale,6221.52,30,2.28,182390.08,140085.69,42304.39,Credit,23.19445772,7,Jul,2024
4/8/2024,Dangote 3X Cement,Kano,Online,5803.18,387,0.66,2231008.18,1780371.1,450637.08,Credit,20.19880895,4,Apr,2024
1/19/2024,Dangote Sulfate Resistant Cement,Abuja,Online,7206.97,127,0.02,915102.13,730641.66,184460.47,Cash,20.15736429,1,Jan,2024
2/26/2024,Dangote Sulfate Resistant Cement,Kano,Online,6994.01,302,0.58,2099940.31,1625104.92,474835.39,Pending,22.61185176,2,Feb,2024
2/3/2024,Dangote Premium Cement,Lagos,Wholesale,6259.62,311,2.57,1896710.56,1494798.18,401912.38,Credit,21.18996902,2,Feb,2024
4/8/2024,Dangote 3X Cement,Kano,Online,5752.92,306,2.65,1713743.09,1199955.19,513787.9,Cash,29.98045057,4,Apr,2024
11/24/2024,Dangote 3X Cement,Rivers,Retail,6344.34,228,0.82,1434648.14,1101834.66,332813.48,Cash,23.19826519,11,Nov,2024
9/10/2024,Dangote Sulfate Resistant Cement,Kano,Wholesale,7383.8,134,0.14,988044,782371.92,205672.08,Cash,20.81608511,9,Sep,2024
6/10/2024,Dangote 3X Cement,Abuja,Wholesale,5834.71,470,1.72,2695145.9,1893440.24,801705.66,Pending,29.74628053,6,Jun,2024
12/19/2024,Dangote 42.5R Cement,Lagos,Wholesale,5996.88,188,0.93,1116928.5,851769.08,265159.42,Paid,23.74005319,12,Dec,2024
1/15/2024,Dangote 42.5R Cement,Abuja,Wholesale,6392.53,340,2.81,2112385.97,1656217.82,456168.15,Pending,21.59492425,1,Jan,2024
2/25/2024,Dangote 42.5R Cement,Ogun,Retail,6632.52,440,1,2889125.71,2251816.68,637309.03,Paid,22.05888888,2,Feb,2024
11/3/2024,Dangote 42.5R Cement,Lagos,Online,6246.46,83,0.26,517108.19,365113.91,151994.29,Paid,29.39313145,11,Nov,2024
7/12/2024,Dangote Sulfate Resistant Cement,Lagos,Wholesale,6562,430,1.33,2784131.92,2032825.87,751306.05,Cash,26.98528919,7,Jul,2024
2/3/2024,Dangote 3X Cement,Lagos,Online,5552.2,455,1.14,2497451.74,1772149.36,725302.38,Cash,29.04169752,2,Feb,2024
4/29/2024,Dangote 3X Cement,Abuja,Retail,5964.21,239,2.64,1387814.41,1057407.8,330406.61,Credit,23.80769414,4,Apr,2024
11/29/2024,Dangote 3X Cement,Abuja,Online,5828.19,118,0.32,685525.7,480710.4,204815.29,Paid,29.87711329,11,Nov,2024
10/30/2024,Dangote Premium Cement,Kano,Wholesale,6637.36,151,1.07,991517.38,741793.74,249723.64,Cash,25.18600733,10,Oct,2024
4/5/2024,Dangote Premium Cement,Ogun,Wholesale,6060.49,179,1.75,1065843.23,800781.42,265061.81,Credit,24.86874266,4,Apr,2024
6/8/2024,Dangote Premium Cement,Ogun,Retail,6308.67,195,0.87,1219487.99,971964.98,247523.01,Pending,20.29728968,6,Jun,2024
1/30/2024,Dangote Premium Cement,Kano,Online,6858.7,236,1.03,1601981.07,1277821.93,324159.14,Pending,20.23489204,1,Jan,2024
2/5/2024,Dangote Sulfate Resistant Cement,Ogun,Online,6975.73,374,2.95,2531959.79,1924229.26,607730.53,Credit,24.00237683,2,Feb,2024
10/23/2024,Dangote Sulfate Resistant Cement,Kano,Retail,6918.7,103,0.31,710416.96,559531.89,150885.07,Paid,21.23894537,10,Oct,2024
9/10/2024,Dangote Premium Cement,Lagos,Online,6223.03,137,1.4,840619.34,606350.37,234268.97,Cash,27.8686153,9,Sep,2024
6/18/2024,Dangote 42.5R Cement,Ogun,Retail,5984.24,23,1.09,136137.27,96299.85,39837.43,Paid,29.26269199,6,Jun,2024
10/11/2024,Dangote 3X Cement,Ogun,Retail,5940.41,343,1.76,2001699.56,1554426.35,447273.21,Paid,22.34467244,10,Oct,2024
1/16/2024,Dangote Premium Cement,Ogun,Retail,6174.15,473,0.79,2897302,2078606.89,818695.11,Pending,28.25715476,1,Jan,2024
4/1/2024,Dangote Premium Cement,Lagos,Wholesale,6842.88,486,0.3,3315662.76,2596643.3,719019.46,Pending,21.68554259,4,Apr,2024
7/13/2024,Dangote 3X Cement,Rivers,Wholesale,5805.07,142,1.11,815169.99,600971.87,214198.12,Pending,26.27649725,7,Jul,2024
9/26/2024,Dangote 42.5R Cement,Lagos,Wholesale,5944.43,493,0.39,2919174.63,2098781.8,820392.83,Cash,28.10358865,9,Sep,2024
12/21/2024,Dangote Sulfate Resistant Cement,Rivers,Online,6929.54,345,0.73,2373239.25,1672230.7,701008.55,Pending,29.53804805,12,Dec,2024
10/1/2024,Dangote Sulfate Resistant Cement,Ogun,Retail,6747.17,342,2.39,2252382.12,1773266.99,479115.13,Cash,21.27148523,10,Oct,2024
4/17/2024,Dangote 3X Cement,Abuja,Online,6114.89,105,1.53,632239.88,490068.61,142171.27,Credit,22.48691905,4,Apr,2024
9/12/2024,Dangote 42.5R Cement,Ogun,Retail,6512.49,289,2.08,1842961.73,1421964.74,420996.99,Cash,22.84350148,9,Sep,2024
8/30/2024,Dangote Sulfate Resistant Cement,Kano,Retail,7138.11,424,1.75,2973593.86,2092400.39,881193.47,Pending,29.63395512,8,Aug,2024
4/13/2024,Dangote 42.5R Cement,Ogun,Retail,6018.59,237,2.67,1388320.79,1051149.09,337171.7,Credit,24.28629625,4,Apr,2024
5/10/2024,Dangote 3X Cement,Ogun,Wholesale,5795.05,285,1.05,1634247.56,1239407.18,394840.38,Cash,24.16037751,5,May,2024
9/19/2024,Dangote Sulfate Resistant Cement,Abuja,Retail,6967.55,229,1.1,1578017.69,1183125.56,394892.13,Credit,25.02456927,9,Sep,2024
7/14/2024,Dangote 3X Cement,Ogun,Retail,5733.79,350,0.23,2002210.8,1582042.03,420168.77,Credit,20.98524141,7,Jul,2024
9/13/2024,Dangote 3X Cement,Rivers,Wholesale,5598.41,56,1.08,310125.04,234021.16,76103.88,Credit,24.53974049,9,Sep,2024
4/10/2024,Dangote Sulfate Resistant Cement,Rivers,Retail,7245.21,413,2.05,2930930.16,2132094.76,798835.4,Pending,27.25535432,4,Apr,2024
10/5/2024,Dangote Sulfate Resistant Cement,Lagos,Retail,6781.85,197,2.35,1304627.88,965921.84,338706.04,Cash,25.96188884,10,Oct,2024
10/23/2024,Dangote 3X Cement,Abuja,Online,6012.65,409,2.85,2389087.4,1879128.6,509958.8,Pending,21.34533881,10,Oct,2024
4/26/2024,Dangote Premium Cement,Abuja,Wholesale,6515.83,422,1.66,2704035.57,2019573.41,684462.16,Cash,25.31261673,4,Apr,2024
6/23/2024,Dangote 3X Cement,Rivers,Wholesale,5928.79,377,1.25,2207214.41,1641876.34,565338.06,Paid,25.61319179,6,Jun,2024
7/10/2024,Dangote Premium Cement,Kano,Wholesale,6305.57,397,0.03,2502560.3,1954600.04,547960.26,Credit,21.89598628,7,Jul,2024
6/22/2024,Dangote Premium Cement,Abuja,Retail,6685.76,226,2.29,1476380.28,1135413,340967.28,Credit,23.09481403,6,Jun,2024
6/15/2024,Dangote 3X Cement,Kano,Wholesale,6422.14,98,2.93,610929.19,488392.52,122536.67,Cash,20.05742597,6,Jun,2024
7/14/2024,Dangote Premium Cement,Abuja,Wholesale,6534.49,116,1.42,747237.23,547638.31,199598.92,Cash,26.71158663,7,Jul,2024
11/23/2024,Dangote Sulfate Resistant Cement,Lagos,Wholesale,6604.31,303,0.53,1990500.07,1557859.87,432640.2,Cash,21.73525168,11,Nov,2024
1/14/2024,Dangote Premium Cement,Ogun,Wholesale,6911.35,217,0.85,1487014.96,1075563.79,411451.18,Paid,27.66960596,1,Jan,2024
8/20/2024,Dangote 3X Cement,Rivers,Online,5511.05,187,2.58,1003977.74,744033.97,259943.77,Pending,25.89138779,8,Aug,2024
2/26/2024,Dangote Premium Cement,Kano,Retail,6478.25,55,1.17,352135,278312.98,73822.02,Pending,20.96412455,2,Feb,2024
3/7/2024,Dangote Premium Cement,Rivers,Retail,6817.9,360,1.42,2419590.9,1839786.62,579804.28,Credit,23.96290546,3,Mar,2024
10/27/2024,Dangote Premium Cement,Kano,Online,6684.84,161,0.61,1069694.06,854801.63,214892.43,Cash,20.08914867,10,Oct,2024
2/2/2024,Dangote 42.5R Cement,Kano,Wholesale,6325.86,486,1.71,3021796.27,2263615.08,758181.19,Cash,25.09041386,2,Feb,2024
10/21/2024,Dangote 3X Cement,Lagos,Retail,6146.3,490,1.37,2970426.89,2287322.73,683104.16,Credit,22.99683464,10,Oct,2024
7/19/2024,Dangote Premium Cement,Abuja,Wholesale,6179.58,336,2.2,2030659.42,1514430.9,516228.52,Pending,25.42171843,7,Jul,2024
12/23/2024,Dangote 3X Cement,Abuja,Online,6445.69,142,2.66,890941.32,637729.76,253211.56,Credit,28.42067758,12,Dec,2024
12/7/2024,Dangote 3X Cement,Ogun,Retail,5911.28,410,1.66,2383392.63,1905597.81,477794.82,Paid,20.04683635,12,Dec,2024
2/23/2024,Dangote Sulfate Resistant Cement,Abuja,Retail,6664.84,126,1.52,827005.34,617125.23,209880.1,Paid,25.37832464,2,Feb,2024
